1779 2958
186 167 239 205 34
629 168 796 211 Ludwig
816 169 1110 211 Rosenmeyer,

188 275 378 314 morietur
405 275 473 324 qui
498 274 610 312 illum
633 273 793 317 viderit3
823 273 1060 311 ‘invenimus
1076 302 1084 310 .
1104 302 1112 310 .
1133 302 1141 310 .
1166 275 1206 311 et
1232 285 1255 311 a
1283 272 1415 311 multis
1437 272 1553 311 deum

187 337 316 376 visum
339 338 379 375 et
400 336 596 375 neminem
618 337 750 374 tamen
772 346 918 384 eorum,
941 335 1011 385 qui
1034 346 1124 373 eum
1145 334 1333 384 viderant,
1357 335 1554 373 mortuum

188 421 239 426 —
274 400 403 437 visum
413 399 440 447 ²)
476 397 633 448 quidem
671 398 786 435 deum
824 397 1041 435 secundum
1074 396 1276 434 hominum
1310 397 1552 447 capacitates,

187 473 267 500 non
294 460 512 500 secundum
540 458 823 512 plenitudinem
853 459 1090 498 divinitatis’.
1129 459 1378 499 Patriarchae
1406 460 1446 498 et
1466 471 1554 510 pro·

187 524 336 573 phetae,
371 524 437 572 qui
471 522 652 560 viderant
685 534 785 571 eum,
820 522 902 560 ‘aut
933 523 1035 560 mori
1063 521 1285 571 debuerant,
1318 522 1353 559 si
1381 533 1469 560 eum
1498 521 1554 558 vi-

187 585 334 635 derant,
357 608 409 612 —
434 584 569 623 deum
598 585 719 623 enim
746 595 878 622 nemo
901 582 1080 622 videbit
1107 585 1151 621 et
1179 584 1305 621 vivet
1326 605 1378 610 --
1401 585 1469 620 aut
1487 612 1495 620 .
1516 612 1523 620 .
1545 612 1553 620 .

187 648 382 697 scriptura.
409 647 597 685 mentitur
624 645 741 684 deum
774 645 941 683 dixisse:
978 645 1147 683 faciem
1180 656 1320 683 meam
1355 645 1486 682 homo
1515 645 1554 682 si

187 708 379 757 viderit,
408 720 498 746 non
526 708 684 745 vivet’.
724 707 875 753 Quibus
902 706 1032 745 verbis
1060 707 1251 744 sententia
1276 705 1461 744 conclusa
1482 708 1553 754 est,

190 770 356 809 alterum
389 770 483 807 ‘aut'
518 770 567 818 (v,
592 769 656 818 19)
692 769 862 819 adiungi
888 780 968 807 non
1005 771 1144 818 potest,
1180 768 1294 818 plane
1330 769 1435 807 enim
1466 779 1554 806 sen-

188 833 350 871 tentiam
385 832 542 871 deleret.
589 831 723 870 Lectio
758 832 938 870 codicum
974 831 1096 882 igitur
1127 834 1234 869 recta
1265 843 1345 869 non
1379 832 1447 869 est.
1493 830 1553 869 Ne

189 893 434 942 Kroymanni
457 892 617 942 quidem
640 892 864 931 coniectura
886 892 1039 942 placere
1057 893 1155 931 mihi
1176 894 1314 943 potest,
1334 893 1447 931 cuius
1471 893 1554 930 ani-

189 967 251 993 mo
278 956 382 993 certo
408 954 633 993 observatus
658 956 717 993 est
739 954 850 992 locus
865 954 1072 992 Novatiani
1088 954 1145 993 De
1164 955 1251 992 trin.
1269 967 1300 993 c.
1313 954 1391 993 XV
1407 954 1553 1004 (Migne

192 1018 269 1054 939
280 1017 345 1065 Β);
377 1015 593 1065 ‘Numquid
621 1027 712 1065 ergo
736 1017 933 1065 mentitur,
963 1028 1053 1054 cum
1082 1027 1132 1054 ex
1162 1016 1237 1054 hoc
1259 1016 1405 1054 mundo
1428 1016 1491 1065 ait,
1520 1017 1554 1053 si

190 1079 305 1116 homo
329 1077 607 1116 tandummodo
631 1079 708 1115 sit?
737 1079 820 1116 Aut
842 1078 876 1115 si
898 1090 976 1116 non
999 1079 1195 1127 mentitur,
1223 1090 1302 1116 non
1326 1081 1384 1117 est
1407 1089 1456 1116 ex
1479 1078 1554 1116 hoc

189 1140 360 1178 mundo'.
400 1139 525 1177 Multo
555 1140 769 1189 simplicior
796 1141 855 1178 est
881 1141 1053 1189 mutatio,
1083 1152 1199 1190 quam
1226 1139 1554 1178 Reitzensteinius

188 1201 409 1251 proposuit:
434 1200 552 1238 ‘haud
575 1201 763 1238 mentitur
785 1202 988 1251 scriptura’
1008 1202 1072 1239 vel
1091 1202 1295 1252 ‘scriptura
1318 1201 1423 1240 haud
1444 1212 1554 1240 men-

188 1264 294 1312 titur,
314 1274 443 1312 neque
463 1274 555 1301 cum
573 1263 743 1301 invisum
764 1275 892 1312 neque
913 1275 1002 1301 cum
1016 1264 1145 1301 visum
1159 1263 1276 1301 deum
1290 1263 1456 1313 profert:
1476 1263 1552 1301 iam

188 1336 279 1374 ergo
295 1325 394 1363 alius
410 1355 417 1362 .
434 1354 442 1362 .
459 1324 480 1362 .’
505 1323 618 1370 Quod
634 1324 901 1363 cluniacensis
921 1325 1067 1363 codicis
1082 1325 1315 1375 archetypus
1330 1324 1554 1375 praebuisse

189 1386 388 1434 videtur2).
423 1386 623 1424 Sententia
650 1386 875 1435 principalis
907 1385 1139 1424 affirmativa
1166 1387 1289 1424 fuisse
1312 1398 1389 1424 non
1417 1387 1554 1435 potest,

188 1459 276 1486 cum
290 1447 464 1496 alioquin
477 1446 630 1496 ‘neque'
642 1447 683 1484 in
696 1446 738 1485 M
750 1446 884 1486 codice
898 1459 976 1486 non
991 1446 1257 1497 intellegatur:
1271 1447 1351 1486 ‘aut
1365 1447 1555 1498 scriptura

188 1510 383 1557 mentitur,
403 1520 531 1558 neque
551 1521 640 1547 cum
660 1509 831 1547 invisum
850 1521 979 1558 neque
999 1521 1089 1547 cum
1107 1509 1234 1547 visum
1254 1509 1372 1548 deum
1395 1509 1554 1559 profert'

189 1570 401 1610 absurdum
434 1573 502 1620 est,
536 1571 764 1621 praesertim
792 1583 882 1609 cum
908 1583 952 1610 re
980 1582 1073 1610 vera
1101 1572 1293 1622 scriptura
1320 1571 1434 1610 modo
1463 1571 1555 1609 visi-

189 1634 318 1682 bilem,
332 1633 448 1671 modo
462 1633 701 1671 invisibilem
717 1633 834 1671 deum
848 1635 1025 1683 proferat.
1062 1634 1329 1672 Cluniacensis
1347 1634 1555 1672 lectionem

190 1694 320 1734 dicere
349 1697 484 1733 contra
510 1695 743 1733 sententiam
773 1694 806 1733 P
840 1694 986 1734 codicis
1019 1695 1201 1734 librarius
1235 1695 1554 1734 animadvertisse

188 1758 355 1805 videtur,
382 1758 447 1806 qui
474 1757 615 1806 ‘neque
631 1779 682 1784 —-
698 1758 841 1806 neque'
863 1758 1042 1806 extinxit,
1063 1757 1156 1795 ‘aut'
1181 1757 1398 1805 substituit3
1427 1758 1555 1806 ‘eum',

191 1819 294 1868 quod
309 1819 556 1857 Florentinus
575 1818 635 1856 bis
655 1819 780 1868 affert,
799 1819 899 1857 nihil
918 1819 994 1857 nisi
1012 1819 1164 1869 lapsum
1184 1820 1321 1858 calami
1340 1831 1425 1858 esse
1439 1831 1554 1858 nemo

191 1881 364 1931 negabit,
385 1881 567 1931 ‘profert’,
588 1881 692 1931 quod
712 1881 743 1920 P
763 1882 932 1932 praebet,
952 1881 1183 1920 servandum
1204 1885 1263 1920 est
1282 1886 1415 1921 contra
1434 1881 1555 1931 ‘prae-

191 1942 278 1981 fert'
301 1943 542 1992 reliquorum
566 1942 754 1980 codicum.
797 1942 861 1980 Ad
883 1947 1059 1981 nostrum
1081 1944 1212 1982 locum
1235 1944 1353 1982 velim
1377 1943 1554 1982 conferas

192 2004 401 2042 Novatiani
436 2004 462 2042 l.
485 2004 510 2042 1.
536 2003 675 2042 XVIII
700 2003 847 2053 (Migne
874 2005 951 2042 946
964 2005 1008 2054 Β,
1029 2005 1089 2054 Ο);
1120 2005 1236 2044 ‘Ecce
1264 2005 1369 2044 idem
1397 2004 1555 2054 Moyses

191 2065 313 2103 refert
334 2065 410 2102 alio
433 2066 475 2101 in
497 2065 594 2111 loco,
620 2066 723 2114 quod
746 2066 927 2104 Abrahae
949 2067 1057 2105 visus
1080 2068 1132 2105 sit
1154 2067 1262 2106 deus.
1305 2067 1430 2116 Atqui
1451 2066 1554 2104 idem

139 2173 143 2178 ι
191 2126 349 2175 Moyses
378 2125 487 2164 audit
514 2138 537 2164 a
566 2125 649 2175 deo,
687 2126 790 2176 quod
827 2139 940 2166 nemo
976 2128 1178 2167 hominum
1215 2127 1332 2167 deum
1359 2126 1491 2166 videat
1518 2128 1557 2166 et

191 2189 306 2227 vivat.
355 2188 397 2227 Si
425 2187 552 2227 videri
585 2201 664 2227 non
692 2190 820 2239 potest
847 2189 955 2240 deus,
989 2190 1182 2240 quomodo
1211 2191 1319 2229 visus
1347 2191 1406 2229 est
1433 2189 1554 2228 deus?

192 2254 259 2289 aut
278 2251 312 2289 si
332 2251 439 2289 visus
459 2252 527 2301 est,
548 2250 742 2301 quomodo
762 2250 889 2290 videri
906 2264 986 2290 non
1004 2254 1156 2303 potest?
1197 2252 1297 2292 Nam
1323 2253 1362 2290 et
1379 2251 1555 2301 Ioannes,

303 2333 326 2373 ¹)
349 2332 400 2364 Ita
421 2332 661 2374 interpungere
684 2332 803 2372 velim;
829 2333 895 2365 hoc
918 2333 1016 2374 quasi
1036 2333 1072 2365 in
1088 2333 1285 2375 parenthesi
1301 2332 1556 2374 superadditum

190 2386 251 2415 est.
289 2384 339 2415 Ad
367 2384 454 2416 haec
482 2384 589 2416 verba
611 2386 746 2424 spectat
776 2384 947 2417 sententia
970 2384 1014 2422 (v.
1030 2385 1101 2426 22):
1126 2385 1174 2416 ‘ut
1195 2383 1402 2415 invisibilem
1424 2386 1555 2425 patrem

190 2433 429 2476 intellegamus
452 2444 513 2476 pro
537 2433 752 2477 plenitudine
772 2434 978 2474 maiestatis,
1009 2435 1180 2468 visibilem
1206 2444 1289 2467 vero
1316 2434 1424 2467 filium
1452 2444 1556 2477 agno-

190 2495 328 2518 scamus
351 2496 412 2527 pro
435 2485 574 2519 modulo
597 2486 843 2519 derivationis.³

300 2536 325 2577 ¹)
350 2536 587 2569 cluniacensis
610 2536 683 2578 ipse
708 2539 799 2569 certo
823 2537 893 2570 iam
915 2537 1143 2579 corruptelam
1166 2536 1330 2578 praebuit.
