1779 2958
177 162 219 194 Vl
775 162 957 195 Praefatio.

178 272 255 309 quo
276 260 500 299 Gorziensis
526 260 641 299 hodie
665 260 888 311 deperditus
912 261 1128 311 descriptus
1152 264 1212 300 est
1233 283 1286 290 -
1310 263 1349 300 et
1370 261 1545 300 Paterni-

177 325 331 364 acensis
351 325 420 375 (P),
444 328 643 376 praeterea
660 324 751 363 libri
770 325 1081 376 HirsaugienseS,
1105 326 1184 375 qui,
1209 338 1442 376 quamquam
1464 338 1544 364 non

176 390 255 427 iam
275 393 418 439 extant,
442 394 570 428 tamen
590 390 705 439 plane
724 391 845 440 ignoti
865 390 977 428 nobis
997 402 1077 428 non
1096 392 1196 439 sunt,
1220 403 1309 429 cum
1330 393 1368 429 et
1384 391 1544 429 Floren-

177 454 284 492 tinus
313 454 438 493 codex
460 454 518 504 (F)
547 466 597 493 ex
625 454 675 492 iis
703 454 871 504 pendeat
899 458 937 494 et
958 454 1170 493 Rhenanus
1192 455 1242 493 iis
1266 466 1362 494 usus
1384 455 1445 505 sit,
1475 454 1544 505 qui

177 522 216 556 et
248 519 471 557 Gorziensis
509 519 756 557 collationem
789 520 831 556 in
864 519 1045 557 manibus
1078 519 1263 568 habuit1).
1305 519 1390 558 Hos
1423 520 1544 569 igitur

175 583 293 620 libros
323 582 549 633 diligentius
577 583 840 633 inspiciemus.

306 648 753 699 Montepessulanus
791 649 915 688 codex
951 649 1029 698 (54,
1064 649 1119 694 M)
1157 649 1304 688 formae
1343 649 1542 699 oblongae,

175 713 495 752 membranaceus
528 725 627 752 saec.
651 713 713 751 XI
740 714 901 752 ineunte
936 716 994 752 est
1026 714 1213 763 scriptus;
1248 713 1431 752 librarius
1459 715 1542 764 ipse

175 790 265 816 eum
285 779 457 817 correxit
471 780 534 827 (m.
549 779 597 827 l),
618 780 749 828 postea
767 791 891 828 pauca
910 778 957 816 ab
978 779 1063 816 aliis
1084 780 1177 816 sunt
1194 782 1339 817 mutata
1358 780 1420 828 (m.
1434 780 1469 828 2,
1485 780 1540 827 3);

174 847 283 881 ortus
302 846 361 882 est
377 843 503 881 codex
517 843 594 892 ille,
610 854 726 892 quem
741 840 907 881 contulit
920 843 1279 892 Reifferscheidius,
1296 843 1338 881 in
1354 843 1541 882 coenobio

173 908 367 947 Trecensi.

283 972 483 1011 Gemellus
513 973 597 1011 eius
627 974 686 1010 est
712 972 1094 1011 Paterniacensis
1121 974 1225 1022 (439,
1245 973 1303 1023 P),
1332 974 1397 1022 qui
1424 973 1541 1011 hodie

173 1037 378 1076 Selestadii
401 1039 631 1086 asservatur,
654 1038 801 1076 formae
825 1041 885 1076 est
903 1037 1100 1088 oblongae,
1124 1038 1290 1088 scriptus
1310 1041 1349 1076 et
1366 1039 1450 1088 ipse
1468 1037 1540 1076 XI.

173 1102 339 1149 saeculo,
368 1103 546 1150 quamvis
575 1104 755 1149 exeunte,
784 1102 852 1139 sed
880 1103 1001 1139 multo
1030 1102 1299 1151 neglegentius
1326 1102 1368 1139 M
1395 1101 1540 1151 codice,

174 1178 263 1205 cum
285 1166 467 1204 librarius
491 1167 646 1216 saepius
669 1166 752 1216 ipse
773 1167 997 1215 correxerit,
1022 1166 1127 1216 quod
1149 1167 1365 1217 scripserat.
1394 1166 1539 1205 Beatus

171 1231 383 1269 Rhenanus
417 1232 524 1268 hunc
559 1230 733 1268 codicem
766 1232 884 1268 variis
914 1232 1101 1268 instruxit
1127 1232 1246 1280 notis,
1282 1243 1445 1280 quarum
1474 1242 1539 1269 eas

171 1306 268 1345 quas
303 1306 353 1334 ex
380 1294 728 1345 Hirsaugiensibus
762 1296 918 1345 repetiit
949 1295 1059 1334 libris
1087 1295 1226 1334 vocula
1254 1295 1390 1334 ‘aliter’
1419 1295 1539 1347 insig-

170 1361 289 1406 nivit3
307 1361 544 1398 instructum
564 1362 607 1398 ut
621 1359 864 1409 Kroymanni
884 1360 1013 1398 verbis
1033 1362 1121 1398 utar
1138 1362 1186 1411 (p.
1202 1361 1315 1407 XVI)
1335 1360 1538 1399 ‘Frobenio

171 1425 275 1475 typis
317 1425 615 1463 describendum
658 1424 939 1463 commodavit'.
996 1425 1335 1464 Paterniacensem
1374 1426 1539 1464 contulit

172 1489 460 1539 Kroymannus.
503 1489 592 1539 Ipse
627 1489 794 1528 eundem
829 1490 1030 1538 Selestadi,
1064 1489 1132 1528 ubi
1166 1502 1273 1528 nunc
1306 1493 1536 1540 asservatur,

172 1554 300 1593 denuo
330 1554 478 1592 contuli
506 1565 581 1592 nec
606 1566 683 1591 non
706 1557 785 1592 tres
807 1554 986 1592 Rhenani
1009 1554 1210 1604 editiones,
1238 1555 1280 1592 in
1305 1554 1447 1604 quibus
1469 1555 1536 1593 ad-

170 1620 389 1657 notationes
412 1619 620 1667 variaeque
642 1619 830 1656 lectiones
853 1618 1031 1657 Rhenani
1053 1619 1206 1668 propria
1227 1631 1347 1657 manu
1369 1620 1536 1670 scriptae

170 1684 429 1734 reperiuntur,
449 1694 549 1733 quae
568 1682 764 1722 interdum
786 1683 888 1721 haud
908 1683 1041 1734 exigui
1062 1684 1154 1722 sunt
1171 1684 1366 1723 momenti.
1394 1684 1536 1724 Paucis

170 1750 265 1788 locis
294 1750 369 1787 alia
395 1750 474 1798 legi
502 1750 618 1798 atque
646 1749 933 1798 Kroymannus.

277 1812 579 1851 Florentinus
606 1812 638 1851 F
665 1812 798 1862 (GonV.
819 1824 946 1864 soppr.
963 1813 1018 1851 VI
1038 1814 1101 1863 ιο),
1137 1814 1204 1863 qui
1232 1813 1274 1851 in
1303 1812 1535 1853 bibliotheca

169 1878 504 1928 Magliabechiana
522 1880 755 1927 asservatur,
775 1879 1001 1917 chartaceus
1020 1880 1087 1928 est,
1107 1891 1207 1917 anno
1226 1880 1329 1917 1426
1346 1892 1369 1917 a
1382 1878 1534 1917 duobus

169 1943 388 1992 descriptus
423 1942 603 1979 librariiS.
650 1942 792 1980 Contra
825 1942 1138 1992 Kroymannum,
1176 1943 1245 1992 qui
1278 1942 1415 1981 utilem
1448 1953 1534 1981 esse

167 2008 279 2058 putat
307 2006 482 2045 codicem
503 2006 543 2056 F,
571 2009 617 2045 ut
644 2006 868 2046 distinctius
897 2006 1119 2046 discernere
1141 2008 1333 2058 possimus
1355 2007 1535 2046 Rhenani

167 2072 413 2110 coniecturas
449 2071 496 2108 ab
535 2071 607 2120 eiS,
645 2083 744 2120 quae
782 2071 961 2110 debuerit
996 2071 1214 2121 codicibus,
1253 2072 1381 2110 dicere
1414 2072 1534 2110 velim

165 2137 397 2175 Rhenanum
426 2136 555 2185 ipsum
579 2136 671 2173 huic
693 2136 749 2173 rei
773 2136 865 2173 satis
887 2136 1145 2186 prospexisse,
1175 2148 1265 2174 cum
1288 2136 1406 2174 variis
1429 2135 1534 2176 codi-

166 2214 256 2241 cum
289 2200 526 2240 lectionibus
561 2200 680 2239 verba
714 2200 833 2238 ‘alias’
864 2201 926 2239 vel
953 2201 1090 2239 ‘aliter’
1120 2201 1365 2251 appingeret;
1403 2205 1533 2240 tamen

164 2267 229 2304 hic
258 2266 381 2303 codex
407 2265 574 2302 alicuius
599 2264 786 2302 momenti
809 2266 877 2313 est,
906 2276 996 2302 cum
1019 2275 1111 2302 vera
1132 2265 1257 2312 imago
1279 2264 1534 2313 Hirsaugien-

164 2331 267 2368 sium
295 2329 588 2380 deperditorum
617 2327 798 2367 videatur
826 2339 910 2367 esse
939 2328 1002 2378 (cf.
1026 2327 1084 2366 Kr
1106 2325 1228 2368 24111
1259 2340 1343 2379 app.
1368 2330 1444 2378 cr.).

278 2456 299 2497 ι)
321 2456 538 2489 Florentinus
561 2456 600 2496 N,
624 2455 681 2497 qui
706 2466 748 2488 ex
763 2456 1065 2497 Montepessulano
1088 2459 1183 2489 ortus
1203 2459 1266 2496 est,
1289 2456 1375 2488 nihil
1390 2456 1472 2489 facit
1487 2457 1532 2490 ad

164 2517 238 2548 nos,
262 2507 343 2549 quia
366 2508 451 2540 liber
473 2507 648 2540 Adversus
672 2507 830 2539 Praxean
852 2506 888 2538 in
911 2516 953 2539 eo
975 2516 1047 2539 non
1070 2508 1172 2539 extat.
