1779 2958
175 163 198 201 8
616 169 781 212 Ludwig
804 170 1100 213 Roseumeyer,

285 272 472 310 Codicum
507 272 716 310 lectionem
745 285 875 310 veram
909 285 988 311 non
1022 285 1105 312 esse
1133 274 1408 323 Kroymannus
1436 280 1541 315 recte

175 334 373 372 intellexit
396 336 434 372 et
456 334 556 373 bene
580 335 763 385 exposuit
783 337 882 386 (pag.
898 336 947 374 66
968 336 1025 374 ed.
1046 336 1170 386 min.):
1206 336 1355 377 «Lesen
1377 338 1449 376 wir
1471 338 1543 377 mit

177 395 247 434 der
283 396 553 434 schlechteren
580 397 916 447 Ueberlieferung,
953 399 1026 437 wie
1060 398 1192 437 bisher
1224 400 1444 449 geschehcn
1480 401 1540 449 ist,

175 459 222 496 in
250 459 368 508 ipso,
404 469 447 496 so
482 458 615 497 hatten
649 460 738 496 wir:
774 458 868 497 und
902 458 976 497 die
1011 460 1248 499 Vernunft
1274 462 1338 499 ist
1370 462 1417 499 in
1450 462 1540 500 ihm

176 521 268 558 ‘das
291 521 495 558 friihere’
519 520 612 558 und
635 532 683 559 so
707 523 889 559 stammt
911 534 998 560 von
1021 523 1114 560 ihm
1137 523 1261 562 alles.
1300 524 1394 562 Dies
1418 525 1543 575 ergibt

176 583 293 620 einen
308 583 418 620 nicht
432 583 574 621 einmal
593 583 634 620 in
653 583 736 621 sich
757 584 891 622 klarcn
906 583 1135 632 Gedanken;
1156 586 1390 635 wenigstens
1409 587 1542 624 miisste

168 643 266 681 ‘man
297 644 399 681 daun
428 644 563 681 weiter
591 643 756 681 andern:
788 644 840 682 ab
869 646 969 694 ipsa
999 664 1039 676 =
1066 658 1142 683 von
1170 647 1246 695 ihr,
1276 647 1443 684 namlich
1473 647 1543 685 der

176 706 304 744 ratio.
338 705 447 744 Aber
469 705 569 744 auch
592 706 664 743 mit
686 706 816 745 dieser
834 706 1076 756 Aenderung
1097 711 1200 746 ware
1222 708 1265 745 in
1287 719 1445 746 unserm
1468 708 1542 746 Zu-

178 768 458 817 sammenhang
476 768 605 805 nichts
624 779 850 817 gewonnen.
878 768 995 806 Denn
1019 769 1129 807 nicht
1157 770 1230 807 dass
1246 782 1321 808 von
1343 770 1413 808 der
1434 771 1541 819 ratio,

178 831 264 868 dem
301 830 435 877 λόγος,
471 830 538 867 das
566 830 803 868 Universum
842 832 1003 868 stamme
1032 831 1094 880 (cf.
1114 831 1200 869 Joh.
1225 833 1257 880 1,
1280 832 1318 880 1),
1355 831 1426 869 soll
1458 832 1544 870 hier

177 892 373 930 bewiesen
398 892 566 941 werden,
596 893 764 931 sondern
794 892 866 930 dass
896 893 952 930 sie
982 893 1046 930 ein
1074 893 1238 931 Zweites
1266 894 1308 931 in
1337 894 1428 932 Gott
1454 895 1541 932 ist».

178 953 381 991 Hactenus
398 966 486 991 cum
501 954 754 1002 Kroymanno
769 954 981 1002 consentio,
997 953 1066 991 sed
1080 953 1198 991 verba
1213 965 1312 1002 quae
1327 956 1544 1002 sequuntur

179 1014 285 1051 nullo
321 1014 435 1051 modo
463 1014 627 1063 probare
656 1026 825 1064 possum.
868 1014 1021 1052 Profert
1054 1015 1158 1051 enim
1191 1014 1307 1052 haec:
1351 1015 1465 1053 «Gott
1492 1016 1544 1052 ist

178 1075 324 1113 sowohl
357 1075 425 1113 das
445 1076 607 1125 SubJ‘ekt
635 1077 690 1114 als
714 1077 814 1115 auch
838 1077 905 1114 das
935 1076 1075 1124 Objekt
1096 1077 1225 1114 seinos
1244 1076 1543 1115 Selbstbewusst-

179 1139 285 1175 seins
307 1138 403 1176 oder
425 1140 553 1177 seines
573 1139 1022 1184 Sichselbsterkennens3
1054 1137 1116 1175 die
1140 1138 1257 1176 ratio
1286 1139 1337 1176 ist
1360 1138 1427 1177 das
1447 1139 1543 1177 Sub-

177 1200 268 1249 jekt,
298 1200 390 1238 Gott
426 1200 545 1238 selbst
573 1200 640 1238 das
671 1200 819 1249 Objekt.
859 1199 1036 1237 Insofern
1072 1199 1165 1238 aber
1196 1199 1264 1237 das
1294 1200 1456 1250 SubJ'ekt
1488 1201 1543 1239 als

177 1262 459 1302 Erkennendes
479 1263 547 1302 das
567 1264 686 1313 prius,
716 1262 782 1301 das
805 1263 1002 1301 Erkannte
1025 1262 1080 1300 als
1101 1262 1240 1311 Objekt
1262 1262 1329 1300 das
1353 1264 1544 1312 posterius

177 1324 237 1372 ist,
267 1324 318 1361 ist
345 1336 422 1361 von
442 1325 600 1372 Anfang
623 1336 673 1361 an
700 1325 742 1361 in
763 1325 853 1362 Gott
876 1325 963 1363 eine
984 1324 1206 1362 Zweiheit».
1243 1325 1378 1362 Priora
1406 1335 1543 1373 agnos-

181 1396 270 1423 cere
307 1396 477 1434 possum.
520 1385 701 1423 Dubitari
737 1398 815 1424 non
851 1387 991 1435 potest,
1030 1386 1125 1434 quin
1159 1386 1267 1434 ratio,
1305 1397 1405 1434 quae
1440 1386 1544 1435 cogi-

179 1449 243 1495 tat,
273 1446 492 1485 subiectum
522 1449 582 1497 sit,
612 1461 703 1486 cum
730 1448 781 1497 id,
817 1449 864 1486 de
894 1460 971 1497 quo
999 1448 1096 1485 ratio
1126 1448 1279 1497 cogitat,
1308 1448 1343 1483 h.
1365 1459 1396 1484 e.
1426 1447 1541 1485 deum

184 1509 296 1558 quasi
325 1508 521 1548 obiectum
548 1510 749 1548 nominare
777 1510 978 1560 possimus.
1020 1509 1220 1555 Quomodo
1255 1510 1384 1547 autem
1413 1508 1543 1548 dicere

181 1572 307 1620 potuit
335 1571 554 1610 subiectum
582 1574 627 1609 ut
656 1584 894 1620 cognoscens
924 1572 1030 1621 prius
1060 1582 1155 1619 csse,
1184 1571 1378 1609 obiectum
1409 1574 1453 1608 ut
1481 1582 1544 1610 co-

181 1634 334 1683 gnitum
362 1634 634 1683 posterius?1).
672 1633 790 1671 Haud
812 1636 918 1671 recta
939 1636 999 1670 est
1022 1632 1219 1671 conclusio
1248 1632 1329 1670 illa:
1361 1633 1419 1670 ‘et
1445 1633 1543 1670 ratio

180 1696 220 1732 in
250 1696 378 1744 ipsum
401 1696 487 1745 ipso
515 1697 624 1745 prius
660 1698 698 1733 et
724 1697 778 1733 ita
806 1695 853 1733 ab
888 1695 971 1744 ipso
1001 1694 1103 1731 alia'.
1146 1694 1263 1731 Nullo
1297 1694 1411 1731 modo
1445 1694 1543 1731 ratio

180 1757 252 1796 deo
269 1761 327 1795 est
345 1759 486 1807 prior,
508 1781 559 1785 —
583 1758 686 1806 quod
707 1757 864 1806 quidem
888 1755 1059 1794 scribere
1079 1756 1233 1794 mallem
1254 1768 1366 1809 quam
1388 1756 1543 1805 ‘prius',

182 1819 215 1857 si
234 1819 530 1868 Kroymannum
554 1820 667 1868 sequi
689 1830 845 1869 possem
865 1840 916 1845 —
941 1819 979 1856 et
1004 1818 1200 1856 obstarent
1219 1819 1348 1856 omnia
1368 1830 1421 1867 ea,
1446 1829 1545 1867 quae

183 1893 301 1931 supra
330 1882 441 1930 quasi
474 1893 545 1931 per
577 1881 820 1931 prooemium
853 1880 1017 1929 praefati
1051 1892 1196 1919 sumus.
1241 1880 1352 1919 Certe
1387 1880 1546 1929 antiqua

180 1941 494 1991 interpunctione
513 1941 692 1979 restituta
711 1941 765 1978 ita
792 1939 1040 1977 scribendum
1070 1943 1145 1979 est:
1182 1940 1234 1978 ‘et
1261 1940 1359 1977 ratio
1379 1940 1543 1986 in<tra>

181 2003 311 2052 ipsum
339 2003 449 2052 prius
479 2004 518 2041 et
544 2002 599 2040 ita
626 2003 668 2040 in
695 2003 781 2053 ipso
810 2003 953 2052 omnia,
993 2002 1102 2052 quia
1133 2002 1231 2041 ratio
1261 2013 1399 2040 sensus
1421 2001 1546 2051 ipsius

182 2065 267 2102 est’.
310 2064 462 2101 ‘Prius'
493 2064 592 2101 illud
621 2065 816 2102 adiectum
844 2066 911 2112 est,
943 2065 1035 2112 quia
1063 2063 1313 2101 subauditur:
1343 2065 1476 2112 postea
1505 2066 1547 2099 ut

182 2138 308 2166 sermo
338 2126 449 2164 extra
476 2126 615 2176 ipsum.
660 2126 856 2165 Firmatur
883 2126 957 2165 hoc
985 2125 1241 2176 sequentibus
1269 2124 1418 2164 verbis:
1455 2124 1547 2163 ‘ser—

184 2201 341 2227 monem
370 2189 500 2228 dicere
528 2191 570 2227 in
598 2189 810 2239 primordio
845 2189 947 2238 apud
982 2189 1100 2227 deum
1129 2189 1266 2235 fuisse,
1301 2200 1392 2226 cum
1425 2187 1546 2236 magis

182 2251 372 2289 rationem
409 2252 601 2300 competat
635 2251 895 2300 antiquiorem
929 2249 1062 2288 haberi
1097 2279 1104 2287 .
1129 2279 1137 2286 .
1162 2279 1169 2287 .
1205 2249 1298 2298 quia
1334 2249 1419 2299 ipse
1453 2259 1547 2297 quo-

186 2324 264 2361 que
293 2324 419 2351 sermo
453 2313 604 2351 ratione
639 2313 857 2351 consistens
892 2312 1063 2362 priorem
1097 2323 1182 2349 eam
1215 2314 1260 2348 ut
1293 2310 1548 2349 substantiam

184 2384 296 2410 suam
325 2373 528 2412 ostendat’.
568 2374 758 2413 Concludi
789 2386 869 2411 non
899 2384 1013 2423 posse
1046 2373 1104 2410 ‘et
1133 2373 1187 2410 ita
1223 2372 1270 2410 ab
1293 2373 1377 2422 ipso
1401 2373 1546 2411 omnia'

296 2461 318 2502 ¹)
340 2461 432 2494 Idem
454 2462 673 2503 Kroymanno
702 2462 806 2495 obicit
828 2462 993 2502 Jiilicher,
1026 2461 1083 2504 qui
1106 2461 1220 2494 Theol.
1243 2461 1548 2502 Literaturzcitung

183 2512 278 2552 1908,
304 2512 359 2544 Nr.
378 2513 419 2544 14
441 2513 570 2545 iudicat
593 2513 634 2546 de
658 2513 868 2554 Kroymanni
891 2512 1039 2545 editione
1062 2512 1203 2545 minore.
