1779 2958
173 187 227 225 26
614 190 780 233 Ludwig
802 191 1096 233 Rosenmeyer,

176 307 254 333 non
295 297 439 345 potest3
481 307 570 334 cum
610 295 652 332 in
692 294 826 344 effigie
863 293 926 332 dei
964 295 1199 332 constitutus
1236 294 1287 332 sit
1322 293 1540 333 secundum

175 358 424 407 scripturam,
458 357 500 394 in
535 357 665 406 aliqua
698 356 850 406 effigie,
884 368 963 393 non
996 356 1038 393 in
1067 356 1173 394 nulla
1206 356 1442 394 constitutus
1471 360 1539 394 est.

175 430 269 468 ergo
299 419 396 457 deus
426 419 498 456 etsi
527 419 685 468 spiritus
715 419 782 467 est,
810 419 941 456 tamen
970 430 1111 468 corpus
1140 421 1206 456 est.
1237 417 1407 468 ‘spiritus
1436 419 1540 457 enim

174 492 318 531 corpus
354 481 415 519 sui
444 481 601 530 generis
630 480 672 517 in
700 492 771 518 sua
799 480 957 530 effigie’.
988 480 1118 518 omnia
1145 479 1357 518 invisibilia
1385 480 1541 519 ‘habent

175 542 280 593 apud
300 543 417 581 deum
437 544 476 581 et
494 555 609 581 suum
629 554 769 592 corpus
790 545 830 580 et
847 554 955 580 suam
976 542 1150 591 formam,
1169 553 1240 592 per
1258 553 1357 591 quae
1376 542 1449 580 soli
1469 541 1540 581 deo

177 605 348 642 visibilia
362 608 469 642 sunt:
491 605 635 654 quanto
657 604 779 654 magis
799 603 904 653 quod
924 615 972 642 ex
989 604 1110 653 ipsius
1126 604 1341 642 substantia
1355 603 1541 641 emissum

172 671 235 705 est
257 667 341 704 sine
365 666 580 704 substantia
608 678 687 703 non
716 666 836 704 erit?
866 666 991 712 Qua-m
1019 665 1276 703 substantiam
1298 668 1433 703 auctor
1454 676 1542 714 per-

173 741 310 767 sonam
339 729 444 777 dicit,
472 729 600 766 filium
629 728 812 777 nominat,
841 727 1059 766 secundum
1087 739 1110 764 a
1136 728 1245 776 patre
1274 726 1458 765 defendit.

285 791 444 840 Capite
457 790 553 827 VIII
567 791 692 839 pergit
707 793 843 827 auctor
853 790 1000 827 iniuria
1013 788 1088 826 sibi
1103 788 1204 826 obici
1220 799 1262 826 se
1274 787 1461 838 probolen
1473 788 1542 826 ah'-

175 865 294 902 quam
313 851 572 898 introducere,
590 853 632 889 ut
643 851 915 898 Valentinum,
937 863 1065 900 neque
1081 852 1186 889 enim
1200 850 1301 889 ‘ideo
1320 863 1400 889 non
1418 851 1542 889 utitur

174 918 215 952 et
239 915 382 952 veritas
406 913 596 952 vocabulo
620 914 694 951 isto
719 916 759 951 et
780 924 823 951 re
846 925 891 951 ac
915 924 1036 951 censu
1059 913 1154 962 eius,
1184 913 1275 962 quia
1304 916 1343 951 et
1369 913 1541 951 haeresis

175 976 342 1023 utatur'3
373 976 544 1014 haeresis
567 974 769 1013 veritatem
797 974 946 1012 Imitata
973 976 1042 1024 est,
1071 986 1150 1012 non
1172 975 1315 1013 veritas
1344 975 1541 1021 haeresim

175 1050 304 1076 sermo
335 1042 393 1076 est
420 1038 601 1087 prolatus.
636 1036 753 1085 Apud
775 1036 1027 1074 Valentinum
1053 1037 1245 1083 προβολαί
1268 1036 1543 1074 discernuntur

174 1103 294 1147 atque
322 1100 550 1148 separantur
572 1098 619 1135 ab
644 1100 812 1145 auctore,
835 1097 954 1134 immo
975 1098 1086 1134 Aeon
1108 1098 1254 1147 patrem
1277 1097 1413 1146 nescit,
1443 1097 1543 1135 desi-

173 1160 286 1198 derat
307 1172 423 1198 nosse
445 1172 520 1198 nec
543 1161 678 1209 potest.
713 1160 832 1209 Apud
852 1171 942 1197 vera
962 1159 1164 1198 credentes
1183 1160 1289 1198 solus
1308 1160 1415 1198 filius
1434 1160 1544 1198 novit

175 1224 332 1272 patrem,
354 1223 467 1260 cuius
485 1222 641 1272 perficit
660 1221 907 1259 voluntatem.
937 1220 1039 1270 ‘quis
1060 1221 1164 1259 enim
1182 1219 1542 1270 (238110-10111)

173 1284 249 1322 scit
278 1295 377 1332 quae
406 1284 485 1320 sint
512 1284 554 1320 in
583 1283 666 1332 deo,
701 1283 777 1321 nisi
808 1283 977 1332 spiritus,
1013 1284 1080 1332 qui
1108 1284 1150 1321 in
1177 1284 1265 1333 ipso
1295 1285 1399 1321 estP’
1443 1283 1543 1329 Quia

174 1357 303 1383 sermo
333 1345 470 1394 spiritu
499 1346 671 1382 structus
700 1346 758 1382 est
781 1347 819 1382 et
842 1355 981 1393 corpus
1004 1345 1194 1382 sermonis
1217 1345 1387 1394 spiritus,
1415 1356 1542 1383 sermo

174 1418 331 1456 semper
358 1407 400 1442 in
427 1407 535 1455 patre
566 1409 634 1453 est,
664 1417 879 1454 numquam
907 1418 929 1443 a
951 1407 1059 1455 patre
1082 1409 1280 1455 separatus
1304 1409 1373 1444 est.
1410 1406 1543 1456 Pergit

176 1481 283 1507 nunc
318 1471 454 1507 auctor
481 1466 863 1518 (238116-1οΙ17);
902 1467 1013 1507 ‘haec
1049 1468 1123 1507 erit
1160 1468 1320 1519 probola
1355 1468 1540 1519 veritatis,

174 1533 308 1568 custos
332 1530 503 1578 unitatis,
533 1542 611 1578 qua
633 1532 825 1579 prolatum
848 1531 1014 1568 dicimus
1031 1530 1160 1568 filium
1183 1543 1205 1568 a
1227 1534 1346 1580 patre,
1371 1530 1440 1569 sed
1461 1542 1541 1568 non

173 1593 406 1641 separatum.
458 1591 620 1641 protulit
658 1591 763 1629 enim
803 1591 900 1629 deus
939 1603 1173 1640 sermonem,
1216 1591 1540 1641 quemadmodum

173 1654 294 1692 etiam
323 1653 541 1703 paracletus
570 1653 693 1703 docet,
723 1655 826 1692 sicut
853 1654 966 1692 radix
994 1654 1176 1693 fruticem
1204 1657 1243 1693 et
1264 1655 1352 1693 fons
1374 1655 1541 1693 fluvium

174 1720 215 1754 et
237 1715 295 1753 sol
316 1715 479 1753 radium.
517 1716 597 1764 (20)
623 1728 713 1753 nam
737 1718 775 1754 et
796 1716 893 1754 istae
916 1716 1066 1766 species
1088 1716 1269 1765 probolae
1293 1719 1386 1754 sunt
1408 1728 1540 1754 earum

177 1777 497 1825 substantiarum,
532 1788 581 1814 ex
611 1778 753 1826 quibus
782 1777 984 1827 prodeunt.
1024 1789 1098 1815 nec
1126 1776 1384 1815 dubitaverim
1411 1778 1540 1815 filium

173 1839 307 1877 dicere
337 1842 375 1876 et
402 1838 545 1876 radicis
574 1838 756 1876 fruticem
787 1840 825 1876 et
852 1839 971 1876 fontis
999 1838 1167 1876 fluvium
1196 1841 1234 1876 et
1262 1838 1353 1876 solis
1376 1838 1540 1888 radium,

176 1900 268 1949 quia
297 1900 422 1937 omnis
451 1899 558 1948 origo
587 1911 728 1948 parens
758 1903 816 1938 est
844 1902 882 1937 et
910 1911 1034 1948 omne,
1064 1899 1167 1949 quod
1196 1912 1246 1938 ex
1274 1901 1425 1950 origine
1453 1913 1540 1951 pro-

175 1961 310 2010 fertur,
339 1960 545 2010 progenies
576 1962 643 2010 est,
672 1961 793 1999 multo
823 1961 945 2011 magis
969 1973 1095 2000 sermo
1119 1960 1194 2011 dei,
1224 1962 1290 2011 qui
1315 1962 1430 2001 etiam
1453 1975 1541 2013 pro-

174 2023 259 2072 prie
286 2033 430 2059 nomen
457 2021 532 2058 filii
561 2023 721 2071 accepit.
760 2023 840 2070 (25)
862 2033 936 2060 nec
957 2022 1091 2060 frutex
1114 2025 1244 2060 tamen
1267 2035 1290 2061 a
1312 2022 1443 2062 radice
1465 2035 1540 2062 nec

175 2083 323 2121 fluvius
352 2095 375 2120 a
402 2082 509 2120 fonte
543 2094 617 2121 nec
649 2082 782 2120 radius
817 2095 840 2120 a
874 2083 954 2121 sole
989 2083 1241 2132 discernitur,
1276 2086 1379 2123 sicut
1410 2096 1485 2123 nec
1518 2098 1540 2123 a

174 2143 249 2181 deo
272 2155 409 2181 sermo.
448 2144 568 2193 igitur
590 2143 807 2182 secundum
826 2145 965 2182 horum
984 2147 1251 2196 exemplorum
1271 2146 1435 2183 formam
1452 2158 1541 2196 pro-

174 2205 291 2243 fiteor
309 2217 371 2243 me
392 2205 489 2243 duos
510 2204 640 2244 dicere
661 2205 776 2244 deum
796 2205 949 2255 (239l1)
975 2210 1014 2245 et
1032 2219 1251 2247 sermonem
1271 2207 1366 2256 eius,
1390 2210 1540 2257 patrem

174 2270 217 2304 et
243 2266 371 2304 filium
400 2267 535 2316 ipsius.
575 2279 666 2305 nam
694 2271 734 2305 et
760 2267 872 2305 radix
903 2269 942 2306 et
967 2268 1100 2308 frutex
1129 2269 1227 2307 duae
1255 2280 1318 2307 res
1341 2272 1442 2318 sunt,
1471 2269 1540 2307 sed

173 2329 428 2377 coniunctae;
451 2333 489 2367 et
507 2329 595 2367 fons
615 2330 653 2368 et
670 2329 820 2369 flumen
840 2329 939 2369 duae
959 2331 1111 2381 species
1126 2335 1227 2381 sunt,
1243 2330 1310 2369 sed
1325 2329 1537 2379 indivisae3

178 2394 216 2427 et
244 2390 301 2428 sol
330 2392 369 2428 et
395 2390 528 2429 radius
557 2390 657 2429 duae
684 2391 831 2429 formae
860 2395 965 2441 sunt,
1000 2393 1070 2431 sed
1104 2393 1366 2431 cohaerentes
1414 2405 1538 2442 omne,

174 2450 283 2501 quod
310 2451 439 2501 prodit
466 2464 516 2490 ex
540 2452 681 2502 aliquo,
711 2453 927 2492 secundum
951 2455 1004 2503 (5)
1027 2455 1078 2492 sit
1100 2455 1184 2493 eius
1207 2465 1369 2493 necesse
1393 2458 1461 2505 est,
1490 2454 1538 2494 de

173 2526 254 2563 quo
282 2513 420 2563 prodit,
448 2526 527 2551 non
556 2514 644 2552 ideo
672 2516 801 2553 tamen
830 2517 889 2553 est
916 2517 1146 2565 separatum.
1186 2515 1381 2555 secundus
1410 2519 1538 2555 autem
