1779 2958
186 181 237 219 38
626 183 793 226 Ludwig
814 184 1109 228 Rosenmeyer,

183 288 462 337 Kroymannus
480 288 566 326 loco
587 288 684 338 Adv,
700 288 819 326 Marc.
834 287 895 325 III
908 302 924 326 e
954 288 1033 337 (Kr
1052 287 1190 337 38511)
1209 287 1400 326 adductus
1419 289 1552 326 nostra

184 348 303 387 verba
331 350 504 388 mutavit.
534 349 610 388 Sed
638 349 848 399 videamus,
877 360 927 387 ne
955 349 1084 399 potius
1112 349 1178 388 ille
1204 340 1317 388 locus
1341 348 1551 387 mutandus

183 411 242 449 sit.
283 412 480 462 Scriptum
508 412 564 450 ibi
592 412 758 462 legimus
787 410 987 460 (384l24):
1018 411 1229 461 ‘agnovit
1254 412 1336 451 bos
1364 422 1550 462 posses-

182 485 330 512 sorem
364 486 496 512 suum
529 476 574 513 et
601 475 761 512 asinus
789 485 1014 524 praesepe
1043 473 1219 512 domini
1247 475 1334 523 sui,
1368 473 1549 512 Israhel

183 540 335 574 autem
359 548 427 575 me
449 549 539 575 non
560 536 781 586 cognovit
803 537 847 575 et
869 535 1068 586 populus
1091 547 1158 574 me
1180 548 1270 575 non
1292 536 1548 575 intellexit.

182 609 253 635 nos
283 598 440 647 quidem
471 599 569 637 certi
592 598 791 636 Christum
820 609 974 648 semper
1001 598 1043 635 in
1070 598 1268 648 prophetis
1290 598 1475 647 locutum,
1494 620 1549 626 —

181 661 360 711 spiritum
391 661 542 700 scilicet
571 662 766 710 creatoris,
795 661 898 700 sicut
924 661 1111 712 propheta
1137 661 1319 699 testatur:
1349 672 1547 710 persona

181 724 377 772 spiritus
397 724 547 761 nostri
567 723 781 762 Christus
802 723 1014 761 dominus
1034 746 1087 752 —
1107 723 1174 772 qui
1189 723 1236 760 ab
1251 722 1362 760 initio
1379 723 1549 760 vicarius

181 785 300 834 patris
323 785 364 822 in
390 785 453 824 dei
476 785 633 824 nomine
657 788 696 824 et
713 785 869 823 auditus
888 786 938 823 sit
957 788 995 824 et
1013 786 1132 833 visus,
1156 785 1312 823 scimus.
1334 815 1342 823 .
1363 815 1370 822 .
1391 785 1412 823 .’
1453 785 1549 823 Sen-

179 847 301 885 tentia
315 849 373 886 est
389 848 502 886 haec:
519 848 669 886 Israhel
681 847 877 885 Christum
889 859 968 885 non
981 844 1173 897 cognovit.
1194 846 1405 884 Christiani
1417 847 1548 884 autem

179 908 310 947 sciunt
330 909 525 947 Christum
550 910 794 958 (sermonem)
817 920 971 958 semper
993 909 1034 946 in
1052 909 1248 958 prophetis
1267 908 1439 946 locutum
1461 919 1548 946 esse

180 974 222 1008 ut
240 971 419 1020 spiritum
440 971 636 1020 creatoris,
657 971 760 1009 sicut
777 971 964 1021 propheta
977 972 1152 1009 testatur.
1175 971 1311 1020 Itaque
1326 970 1426 1008 nihil
1440 970 1545 1009 aliud

179 1032 297 1070 scribi
327 1035 455 1082 potest
486 1033 582 1071 nisi:
613 1033 825 1083 ‘personae
860 1032 1019 1082 spiritus
1052 1034 1238 1070 nostrae
1273 1031 1450 1069 Christus
1478 1032 1547 1070 do-

178 1094 307 1132 minus
332 1096 415 1142 —';
446 1094 493 1133 cf.
518 1096 557 1133 et
579 1094 781 1144 sequentia
803 1094 975 1144 (385l6):
1006 1094 1051 1132 ‘si
1071 1106 1163 1132 vero
1181 1106 1259 1132 non
1276 1094 1317 1131 in
1337 1094 1546 1143 Christum,

177 1155 245 1194 sed
260 1156 302 1193 in
316 1157 444 1206 ipsum
460 1156 590 1207 potius
603 1157 720 1194 deum
732 1156 901 1194 volueris
916 1155 1063 1193 referre
1076 1166 1229 1193 omnem
1241 1154 1423 1193 Iudaicae
1435 1155 1546 1205 igno-

176 1218 325 1257 rantiae
345 1218 392 1257 de
411 1218 577 1269 pristino
596 1218 890 1269 reputationem,
914 1218 1050 1256 nolens
1071 1218 1185 1257 etiam
1206 1220 1307 1256 retro
1327 1228 1545 1256 sermonem

177 1284 215 1318 et
238 1281 471 1330 spiritum,
494 1281 541 1319 id
561 1283 630 1320 est
649 1281 883 1319 Christum
906 1281 1150 1329 creatoris,
1175 1280 1402 1330 despectum
1421 1280 1467 1318 ab
1488 1281 1545 1318 eis

176 1346 214 1380 et
225 1355 303 1380 non
317 1343 503 1393 agnitum,
516 1344 574 1381 sic
587 1354 742 1393 quoque
754 1343 978 1380 revinceris.
999 1354 1075 1380 non
1088 1353 1235 1391 negans
1248 1342 1351 1380 enim
1364 1342 1491 1379 filium
1505 1344 1545 1380 et

175 1405 391 1454 spiritum
413 1409 451 1443 et
466 1405 720 1443 substantiam
736 1405 920 1443 creatoris
940 1416 1040 1443 esse
1061 1404 1297 1442 Christum
1316 1404 1432 1452 eius,
1453 1415 1544 1442 con-

175 1466 290 1504 cedas
312 1477 473 1505 necesse
498 1470 557 1505 est
579 1478 655 1516 eos,
685 1467 754 1516 qui
776 1469 922 1517 patrem
948 1478 1025 1504 non
1049 1466 1286 1516 agnoverint,
1315 1476 1388 1503 nec
1409 1465 1538 1504 filium

174 1540 384 1579 agnoscere
413 1530 586 1579 potuisse
610 1541 682 1579 per
709 1529 884 1567 eiusdem
907 1528 1147 1567 substantiae
1172 1527 1450 1566 condicionem.
1469 1559 1500 1569 ,.
1517 1528 1540 1567 .'

282 1591 342 1629 Ita
365 1594 404 1629 et
426 1593 558 1630 nostro
581 1591 666 1630 loco
690 1591 745 1629 nil
765 1590 1016 1629 scribendum
1036 1592 1096 1629 est
1113 1590 1210 1629 nisi:
1236 1591 1339 1628 ‘nam
1358 1591 1397 1628 et
1416 1591 1538 1641 scrip-

173 1652 261 1688 tura
289 1651 383 1699 quid
413 1651 527 1689 dicit:
564 1651 762 1701 spiritus
795 1662 1021 1700 personae
1050 1651 1191 1699 eius1)
1220 1650 1433 1690 Christus
1463 1653 1541 1692 do-

173 1713 332 1750 minus.
362 1724 453 1762 ergo
474 1713 508 1750 si
524 1712 701 1750 Christus
721 1723 909 1761 personae
930 1713 1114 1761 paternae
1133 1712 1292 1761 spiritus
1313 1716 1381 1763 est,
1400 1716 1538 1754 merito

174 1775 289 1814 cuius
307 1786 496 1825 personae
516 1775 675 1825 spiritus
696 1776 787 1823 erat,
806 1774 847 1811 id
863 1777 923 1812 est
935 1775 1065 1824 patris,
1086 1786 1174 1812 eum
1189 1775 1330 1813 faciem
1346 1788 1466 1825 suam,
1488 1789 1538 1815 ex

172 1837 321 1875 unitate
351 1837 510 1886 scilicet,
539 1836 817 1887 pronuntiavit’
842 1855 883 1868 =
909 1839 1059 1884 πνεῦμα
1083 1837 1152 1887 (ἐκ)
1180 1839 1392 1884 προεώπου
1417 1838 1538 1876 αὐτοῦ

171 1899 326 1944 Χριστός
351 1899 496 1948 Κύριος,
526 1899 622 1938 ὥετε
646 1899 677 1937 εἰ
700 1896 854 1946 Χριετόε
884 1899 952 1946 (ἐκ)
981 1899 1195 1946 προεώπου
1217 1897 1363 1947 πατρὸς
1387 1900 1540 1947 πνεῦμά

172 1961 280 2008 ἐςτιν,
318 1961 474 1998 εἰκότως
510 1960 557 1998 οὗ
591 1959 705 1998 αὐτὸς
739 1960 888 2005 πνεῦμα
922 1961 968 2006 ἦν
1002 1963 1231 2006 προεώπου,
1265 1962 1432 1999 ‘rou-recu
1465 1964 1537 2000 τοῦ

171 2021 331 2070 πατρός,
351 2023 492 2059 τοῦτον
511 2021 728 2067 πρόςωπον
748 2021 889 2059 ἑαυτοῦ
910 2021 957 2059 δι’
977 2021 1141 2068 ἑνότητα
1159 2024 1374 2068 προεεῑπεν.
1408 2022 1538 2062 Facile

171 2083 411 2132 intellegitur
434 2083 555 2127 λόγον
578 2083 641 2120 vel
662 2084 811 2128 πνεῦμα
835 2094 935 2131 eum,
964 2094 1013 2120 ex
1038 2083 1151 2120 cuius
1173 2083 1275 2121 facie
1298 2084 1538 2132 (προεώπου)

170 2143 340 2193 prodeat,
355 2144 499 2182 faciem
514 2155 625 2182 suam
642 2144 902 2194 pronuntiare.
928 2143 1050 2182 253!ss
1065 2144 1219 2193 (22110)
1236 2145 1420 2195 ‘persona
1439 2146 1537 2184 erat’

170 2205 322 2255 lapsum
357 2206 495 2244 calami
528 2217 614 2244 esse
642 2218 711 2256 pro
742 2205 983 2256 ‘personae
1012 2206 1127 2244 erat’
1157 2207 1537 2245 commemorandum

171 2267 240 2304 vix
260 2271 338 2314 est3
360 2269 534 2305 ceterum
554 2267 628 2305 hoc
647 2267 832 2305 mendum
852 2268 1101 2306 commissum
1123 2271 1183 2306 est
1200 2269 1307 2307 recto
1326 2268 1393 2306 illo
1410 2269 1536 2307 ‘cuius

169 2342 357 2379 personae
392 2330 551 2379 spiritus
581 2331 675 2368 erat'
703 2332 781 2367 iam
809 2331 852 2367 in
881 2330 1054 2380 ‘spiritus
1084 2330 1196 2367 cuius
1224 2341 1411 2379 personae
1440 2330 1536 2368 erat’

169 2393 336 2438 mutato;
371 2391 559 2442 ‘spiritus'
588 2393 693 2430 certe
721 2392 763 2429 in
792 2392 1026 2430 sententiam
1054 2391 1255 2430 relativam
1283 2391 1535 2430 inserendum

282 2477 306 2517 ¹)
329 2476 393 2508 Pro
409 2477 579 2516 ‘nostrae',
603 2477 693 2517 quod
708 2477 728 2509 l.
742 2477 763 2508 1.
788 2495 829 2500 —
853 2477 944 2509 Lam.
962 2477 1023 2514 Ier.
1040 2477 1082 2509 IV
1097 2477 1150 2516 20,
1173 2476 1257 2508 Adv.
1274 2477 1376 2508 Marc.
1393 2477 1435 2509 III
1450 2477 1471 2508 6
1493 2496 1534 2501 -

170 2527 334 2568 scriptum
359 2527 512 2569 legimus.
