1779 2958
713 613 716 615 ⁵
754 604 1127 700 PRAEFATIO.

308 799 311 800 ν
374 760 473 809 oum
503 770 601 808 mihi
633 766 873 824 propositum
905 771 955 809 sit
988 770 1036 810 de
1065 770 1292 811 Tertulliani
1325 769 1426 818 libri,
1462 770 1529 819 qui
1563 769 1624 806 in-

265 835 448 874 scribitur
470 834 683 890 ‘Adversus
705 834 905 885 Praxean2
927 835 1127 873 nonnullis
1149 835 1247 873 locis
1272 834 1519 884 quaestiones
1550 834 1625 872 cri-

227 911 235 916 ’
264 900 360 939 tica's
379 900 595 950 instituere,
618 899 748 939 facere
767 912 844 938 non
867 912 1033 950 possum,
1063 900 1159 950 quin
1180 899 1366 949 incipiam
1388 899 1435 937 ab
1455 899 1624 937 Aemilio

264 964 544 1014 Kroymannos
567 975 697 1013 quem-
716 963 763 1003 de
797 965 982 1014 scriptore
1016 967 1148 1002 nostro
1181 963 1447 1014 recuperando
1481 965 1624 1013 optime

265 1030 447 1085 meritum
476 1040 560 1068 esse
587 1040 701 1068 nemo
728 1019 907 1081 negabit,>
924 1030 991 1079 qui
1014 1029 1162 1080 priores
1186 1028 1376 1068 editiones
1398 1027 1624 1079 inspexerit.

266 1095 365 1133 Cum
398 1098 485 1132 ante
515 1106 605 1132 eum
633 1094 801 1132 editores
826 1095 872 1131 ad
888 1094 1102 1132 'arbitrium
1133 1106 1246 1132 suum
1277 1095 1503 1132 contextum
1533 1105 1625 1131 con-

266 1151 484 1197 stituissent
512 1181 562 1186 —
592 1159 745 1208 excipio
773 1148 910 1208 utique
931 1158 1302 1197 Reifferscheidium
1325 1159 1364 1196 et
1382 1157 1624 1206 Wissowam,

266 1223 335 1273 qui
352 1220 515 1273 primam
534 1226 680 1272 partem
700 1223 882 1261 editionis
889 1222 1202 1261 Vindobonensis
1218 1225 1453 1261 curaverunt
1466 1244 1530 1271 —,
1545 1234 1623 1260 non

266 1290 509 1338 separassent
542 1287 705 1337 optimos
738 1287 893 1325 codices
927 1299 949 1325 a
977 1286 1243 1336 deterioribus,
1277 1286 1555 1336 Kroymannus
1582 1287 1625 1323 in

266 1352 434 1404 editione
457 1352 563 1399 sua1)
585 1355 731 1390 rectam
749 1353 949 1401 ingressus
969 1355 1028 1389 est
1045 1352 1157 1389 viam.
1186 1352 1342 1389 Primus
1360 1351 1404 1388 in
1423 1351 1625 1390 ‘Kritssche

273 1408 511 1455 Vorarbeiten
544 1416 615 1466 far
648 1417 720 1454 den
752 1416 787 1454 3.
817 1416 898 1454 und
931 1416 967 1453 4.
993 1416 1110 1454 Band
1141 1416 1210 1454 der
1242 1428 1361 1454 neuen
1397 1415 1625 1454 Tertullian-

266 1482 423 1534 ausqabe
455 1481 555 1530 (Act.
578 1481 647 1518 Ac,
671 1479 777 1519 Caes.
795 1479 912 1518 Vind.
938 1480 1031 1529 143,
1066 1492 1152 1518 ann.
1178 1480 1309 1529 1900)’
1339 1480 1625 1529 demonstravit,

267 1546 403 1597 quanti
415 1545 602 1584 momenti
615 1545 982 1595 Montepessulanus
999 1548 1038 1583 et
1051 1545 1361 1584 Paterniacensis
1380 1544 1533 1584 codices
1548 1545 1628 1583 sint

267 1612 315 1650 ad
347 1611 633 1650 restituendum
667 1611 907 1660 contextum,
943 1610 1220 1660 egregiumque
1254 1610 1433 1649 codicum
1465 1612 1627 1649 stemma

266 1676 379 1714 nobis
397 1675 607 1725 proposuit.
630 1675 677 1712 In
692 1674 821 1713 verbis
835 1675 1015 1725 genuinis
1030 1675 1180 1713 auctori
1193 1674 1445 1713 restituendis
1458 1675 1629 1712 maxima

268 1741 475 1790 sagacitate
499 1742 558 1778 est
579 1751 685 1788 usus,
715 1739 847 1777 multis
872 1740 1038 1789 egregiis
1058 1740 1292 1778 coniecturis
1313 1751 1498 1789 persaepe
1522 1739 1628 1777 diffi-

268 1804 431 1843 cultates
466 1815 487 1842 e
522 1803 648 1842 medio
683 1803 858 1841 sustulit·
891 1803 1036 1841 Mirum
1070 1815 1149 1841 non
1184 1805 1243 1841 est
1273 1804 1315 1841 in
1351 1807 1532 1853 corrupto
1561 1803 1627 1841 illo

267 1869 367 1908 libro
400 1881 463 1907 me
495 1868 627 1906 multis
659 1868 755 1906 locis
786 1868 861 1906 alio
891 1868 1004 1906 modo
1033 1870 1148 1917 atque
1177 1880 1266 1907 eum
1294 1868 1508 1907 sententiae
1538 1868 1629 1906 sub-

268 1934 403 1972 venire
423 1934 605 1971 conatum
624 1944 708 1970 esse
723 1954 774 1960 —
791 1933 825 1970 si
844 1933 931 1981 quis
944 1933 1151 1982 perlegerit
1163 1932 1307 1970 librum
1320 1933 1437 1980 illius,
1457 1932 1629 1970 animad-

268 1999 395 2037 vertet
413 2009 503 2036 eum
523 1998 718 2036 sescentas
736 1997 908 2047 signasse
923 1997 1091 2046 lacunas,
1107 1997 1248 2047 quibus
1263 2009 1361 2047 opus
1376 2009 1454 2035 non
1469 1998 1552 2036 erat
1565 2019 1629 2046 —‚

270 2062 340 2101 sed
367 2065 516 2101 certum
544 2061 840 2099 fundamentum
868 2061 1089 2100 coniciendi
1115 2073 1177 2099 me
1207 2061 1458 2111 Kroymanno
1487 2062 1628 2100 debere

268 2126 391 2165 libere
420 2125 602 2176 equidem
628 2125 824 2175 profiteor.

377 2191 494 2231 Nunc
521 2202 646 2241 pauca
674 2189 722 2229 de
751 2190 955 2229 codicibus
964 2192 1005 2241 ²).

378 2257 440 2294 Ex
455 2255 700 2294 cluniacensi
719 2255 929 2305 archetypo
946 2255 1059 2294 hodie
1079 2256 1280 2305 deperdito
1299 2255 1521 2294 deducendi
1539 2259 1631 2293 sunt

271 2320 349 2360 duo
384 2320 553 2369 codices,
587 2319 654 2370 qui
686 2331 794 2358 nunc
822 2321 971 2370 extant,
1006 2320 1372 2370 Montepessulanus
1399 2319 1469 2370 (M)
1497 2342 1548 2348 -—-
1580 2331 1630 2359 ex

384 2414 407 2455 ¹)
431 2414 628 2447 Tertulliani
651 2423 791 2455 operum
813 2422 893 2455 pars
912 2415 955 2447 111
977 2413 1098 2456 (1906),
1123 2414 1221 2455 Corp.
1238 2423 1303 2446 scr.
1320 2413 1402 2446 eccl.
1418 2413 1490 2445 Lat.
1506 2413 1629 2446 XLVII.

382 2466 407 2509 ²)
428 2466 475 2499 cf.
493 2466 702 2508 Kroymanni
724 2465 971 2508 praefationem
992 2464 1029 2498 in
1049 2464 1101 2499 ed.
1118 2464 1191 2497 eius
1207 2464 1337 2498 maiore
1360 2467 1394 2498 et
1416 2464 1540 2497 librum
1556 2464 1629 2497 ‘Kr.

279 2517 438 2558 Vorarb.’,
462 2527 562 2560 quem
584 2517 686 2550 modo
707 2517 855 2551 laudavi.
