1779 2958
180 192 205 229 4
623 195 787 236 Ludwig
810 195 1104 236 Rosenmeyer,

180 299 302 337 tentia
324 299 360 348 (l.
377 311 408 336 c.
424 311 459 348 p.
471 298 568 346 2423
598 297 710 348 frgm.
731 297 845 336 Stoic.
865 297 904 335 II
925 297 1014 345 244,
1037 297 1108 346 frg.
1130 297 1242 346 894):
1271 294 1464 340 ‘Et’ikossov
1492 295 1545 340 δέ,

181 359 234 396 εἰς
265 359 287 395 ὃ
313 358 507 403 γίγνονται
540 357 578 394 αἱ
609 358 650 394 ἐν
676 357 804 405 τούτῳ
838 356 1028 402 ςημαςίαι,
1060 357 1122 393 καὶ
1153 356 1192 394 ἐξ
1224 356 1272 393 οὗ
1298 356 1390 398 <ό>
1417 356 1544 401 λόγος,

181 419 307 457 ἐκεῖνο
335 417 432 457 εἶναι
457 420 502 456 τὸ
529 420 708 465 κυριεῦον
725 420 793 463 τῆς
816 419 945 464 ψυχῆς
963 417 1091 464 μέρος.
1119 416 1166 454 οὐ
1183 417 1258 463 γὰρ
1277 417 1375 464 ἄλλη
1400 418 1469 464 μὲν
1488 418 1544 465 [ἡ]

180 482 280 527 πηγὴ
318 481 437 526 λόγου
471 480 584 525 ἐςτίν,
616 480 714 526 ἄλλη
747 480 791 517 δέ
823 479 1012 526 διανοίας,
1046 479 1140 517 οὐδὲ
1172 478 1269 525 ἄλλη
1303 480 1372 526 μὲν
1405 481 1546 526 φωνῆς

179 543 294 589 πηγή,
321 541 418 588 ἄλλη
447 543 491 579 δὲ
517 542 649 586 λόγου,
678 540 772 578 οὐδὲ
796 541 841 577 τὸ
869 539 966 578 ὅλον
994 540 1127 578 ἁπλῶς
1153 539 1250 586 ἄλλη
1279 543 1420 587 φωνῆς
1441 542 1556 587 πηγή

181 602 290 647 ἐςτιν,
323 603 421 640 ἄλλο
449 603 492 640 δὲ
517 603 562 640 τὸ
589 603 768 648 κυριεῡον
794 604 862 647 τῆς
888 604 1017 648 ψυχῆς
1043 601 1182 648 μέρος’.
1210 624 1257 628 -
1282 602 1474 640 τοιούτοις
1500 603 1545 639 δὲ

181 664 243 701 καὶ
259 665 329 710 τὴν
348 664 524 701 διάνοιαν
544 663 767 710 ςυμφώνως
786 663 1067 710 ἀφοριζόμενοι
1086 664 1260 709 λέγουςιν
1279 663 1400 709 αὐτὴν
1416 664 1543 709 πηγὴν

181 722 278 763 εἶναι
297 726 428 771 λόγου.
444 747 489 753 —-
506 725 578 763 ‘To
595 725 670 771 γὰρ
689 723 786 762 ὅλον
805 723 898 762 ὅθεν
918 724 940 762 ὁ
959 725 1076 770 λόγος
1093 725 1329 772 ἐκπέμπεται,
1348 725 1468 763 ἑκεῑςε
1485 727 1545 763 δεῖ

181 788 242 824 καὶ
259 787 328 825 τὸν
345 788 592 833 διαλογιςμὸν
610 786 802 832 γίγνεςθαι
820 786 882 823 καὶ
898 785 966 822 τὰς
986 786 1201 831 διανοήςεις
1219 786 1280 823 καὶ
1297 786 1365 824 τὰς
1385 787 1544 833 μελέτας

179 851 260 887 τῶν
285 848 445 895 ῥήςεων,
468 849 640 896 καθάπερ
664 849 814 896 ἔφην..
829 849 850 885 .'
876 850 983 889 Idem
1008 850 1179 889 Galenus
1202 852 1245 889 in
1268 851 1402 890 eodem
1427 864 1544 902 opere

180 914 240 951 III
252 930 279 962 τ,
292 914 565 962 (Kath343,
582 914 695 963 frgm.
712 914 826 952 Stoic.
836 914 876 951 II
889 915 978 963 250,
995 914 1067 963 frg.
1085 915 1176 963 903)
1194 914 1263 952 ubi
1284 914 1544 964 Chrysippum

179 975 354 1014 laudavit
368 976 583 1014 dicentem:
607 973 661 1011 Εὖ
680 974 783 1021 μάλα
801 974 844 1011 δὲ
856 975 1052 1020 παριςτᾶςι
1064 973 1109 1011 τὸ
1125 973 1346 1021 λεγόμενον,
1361 973 1414 1012 ὡς
1428 974 1543 1021 ἔφην,

182 1036 242 1072 καὶ
269 1035 307 1072 αἱ
333 1036 374 1073 ἑν
402 1035 536 1072 αὑτοῖς
561 1035 758 1082 γινόμεναι
785 1035 936 1081 μελέται
967 1036 1029 1072 καὶ
1055 1034 1204 1080 ῥήςεων
1230 1037 1292 1073 καὶ
1316 1039 1396 1073 τῶν
1421 1048 1544 1083 παρα-

179 1096 362 1142 πληςίων.
398 1096 439 1134 ἑν
467 1096 499 1145 ᾧ
525 1097 599 1143 γὰρ
625 1098 746 1133 ταῦτα
771 1096 898 1133 πάντα
923 1097 1166 1141 ςυντελεῖται,
1191 1096 1346 1134 πάντως
1373 1097 1541 1143 εὔλογον

181 1159 222 1196 ἐν
250 1159 383 1207 ἐκείνῳ
410 1160 472 1196 καὶ
497 1160 567 1205 τὴν
585 1160 655 1196 τοῦ
684 1158 804 1203 λόγου
824 1158 1000 1196 διέξοδον
1017 1159 1195 1203 γίνεςθαι,
1221 1160 1283 1197 καὶ
1301 1160 1423 1204 λέγειν
1441 1159 1543 1206 ἡμᾶς

181 1221 242 1258 καὶ
269 1222 505 1258 διανοεῑςθαι
532 1220 612 1257 κατ’
632 1220 770 1266 έκεῖνο,
797 1222 879 1271 ipse
909 1222 1036 1271 pergit
1063 1220 1237 1271 (34414):
1268 1221 1393 1267 ἀληθῆ
1420 1222 1542 1259 ταῦτα

179 1281 354 1328 γράφεις,
382 1281 414 1318 ὦ
433 1281 635 1328 Χρύςιππε.
671 1282 754 1319 καθ’
775 1281 797 1318 ὃ
822 1281 897 1327 γὰρ
925 1280 966 1318 ἑν
994 1281 1148 1318 ἑαυτοῖς
1175 1283 1405 1328 μελετῶμεν,
1431 1283 1454 1328 ἢ
1482 1284 1544 1320 καὶ

181 1344 274 1388 μετὰ
289 1346 391 1389 ςιγῆς
406 1343 677 1389 διεξερχόμεθα
691 1343 977 1389 διανοούμενοι,
994 1343 1112 1380 τοῦτό
1127 1343 1201 1380 ἑςτι
1215 1344 1260 1380 τὸ
1280 1344 1542 1390 λογιζόμενον.

180 1407 330 1446 Deinde
344 1407 560 1457 Chrysippo
577 1407 807 1446 sententiam
824 1406 1009 1445 adscribit
1023 1405 1175 1456 (34514)
1191 1408 1271 1443 τῶν
1287 1407 1543 1453 διαλογιςμών

179 1466 279 1512 ἡμᾶς
305 1467 547 1504 αἰςθάνεςθαι
573 1467 669 1503 κατὰ
694 1467 764 1512 τὴν
783 1466 943 1511 καρδίαν
962 1467 1178 1513 γινομένων
1197 1471 1237 1507 et
1255 1481 1346 1507 mox
1366 1470 1542 1508 eiusdem
1578 1510 1581 1511 γ

180 1529 309 1568 verbis
337 1530 463 1580 pergit
491 1531 654 1580 (Arnim.
674 1530 697 1568 l.
718 1532 783 1579 c.):
807 1526 898 1566 Ἀπὸ
924 1529 998 1575 γὰρ
1024 1530 1092 1574 τῆς
1125 1528 1314 1574 διανοίας,
1347 1529 1456 1576 φηςί,
1484 1531 1544 1568 δεῖ

181 1590 302 1634 λέγειν
329 1591 391 1627 καὶ
416 1590 458 1627 ἑν
480 1590 606 1640 ἑαυτῷ
635 1591 756 1635 λέγειν
785 1592 822 1638 [ἢ
843 1591 985 1637 φωνὴν
1004 1591 1193 1638 διεξιέναι]
1221 1592 1282 1628 καὶ
1307 1593 1541 1629 διανοεῖςθαι

180 1653 240 1689 καὶ
267 1652 308 1689 ἑν
335 1652 490 1689 ἑαυτοῖς
517 1653 659 1698 φωνὴν
686 1653 861 1690 διεξιέναι
887 1652 948 1689 καὶ
977 1651 1085 1689 ἐκτὸς
1112 1651 1322 1698 ἐκπέμπειν.

290 1716 410 1754 Vides
420 1716 638 1754 Stoicorum
651 1716 865 1756 doctrinam
879 1716 1100 1754 exscribere
1113 1716 1326 1755 Iohannem
1338 1716 1544 1756 Damasce-

180 1790 285 1826 num,
317 1779 385 1827 qui
414 1778 477 1816 De
505 1778 601 1816 fide
632 1778 889 1816 orthodoxa
918 1778 966 1827 II,
990 1791 1057 1818 XXI
1086 1778 1232 1828 (Migne
1256 1780 1318 1827 94,
1347 1791 1380 1829 p.
1403 1780 1480 1818 940
1496 1779 1543 1829 Β)

180 1840 340 1890 praebet
368 1841 484 1878 haec:

289 1900 403 1945 Περὶ
429 1900 702 1937 ἐνδιαθέτου
731 1900 871 1944 λόγου
900 1901 971 1937 καὶ
996 1903 1304 1947 προφορικοῦ.
1347 1901 1473 1939 Πάλιν
1500 1903 1544 1939 δὲ

181 1963 381 2007 διαιρεῖται
406 1961 451 1997 τὸ
485 1961 641 2005 λογικὸν
666 1963 734 2006 τῆς
765 1963 892 2008 ψυχῆς
919 1960 972 1998 εἴς
996 1973 1037 1998 τε
1067 1962 1136 1999 τὸν
1167 1961 1391 2000 ἐνδιάθετον
1424 1963 1543 2008 λόγον

180 2023 242 2059 καὶ
266 2022 317 2060 εἰς
334 2022 404 2059 τὸν
421 2022 682 2068 προφορικόν.
708 2023 817 2059 Ἔςτι
842 2024 884 2060 δὲ
908 2022 1129 2060 ἐνδιάθετος
1148 2024 1216 2070 μὲν
1236 2023 1353 2068 λόγος
1378 2023 1544 2070 κίνημα

179 2086 256 2128 τῆς
282 2085 431 2129 ψυχῆς
458 2083 504 2120 ἑν
530 2086 590 2132 τῷ
619 2085 942 2134 διαλογιςτικῷ
969 2084 1218 2130 γινόμενον
1244 2084 1337 2121 ἄνευ
1355 2085 1460 2121 τινὸς
1486 2084 1542 2122 ἑκ-

181 2146 416 2192 φωνήςεως·
445 2144 537 2182 ὅθεν
562 2144 747 2182 πολλάκις
774 2146 835 2182 καὶ
865 2148 1084 2183 ςιωπῶντες
1117 2145 1236 2190 λόγον
1262 2144 1360 2183 ὅλον
1387 2145 1429 2183 ἑν
1457 2145 1543 2184 ἑαυ-

178 2209 261 2244 τοῖς
288 2206 634 2253 διεξερχόμεθα,
660 2208 722 2245 καὶ
745 2207 786 2245 ἑν
804 2209 887 2245 τοῖς
905 2207 1070 2254 ὀνείροις
1089 2207 1419 2254 διαλεγόμεθα·
1447 2209 1545 2246 κατὰ

178 2271 296 2307 τοῦτο
323 2270 367 2305 δὲ
393 2269 552 2315 μάλιςτα
579 2271 725 2315 λογικοὶ
750 2270 891 2307 πάντες
918 2269 1040 2316 ἑςμέν.
1082 2269 1148 2307 Καὶ
1164 2271 1239 2316 γὰρ
1266 2268 1303 2306 οἱ
1328 2269 1370 2306 ἐκ
1386 2272 1542 2316 γενετῆς

180 2331 311 2377 κωφοὶ
342 2331 365 2376 ἢ
399 2330 435 2367 οἱ
467 2330 530 2368 διά
555 2343 589 2368 τι
619 2331 769 2378 νόςημα
800 2331 823 2377 ἢ
855 2331 980 2369 πάθος
1006 2331 1076 2377 τὴν
1109 2331 1251 2377 φωνὴν
1278 2330 1544 2377 ἀποβαλόντες

180 2392 298 2429 οὐδέν
323 2392 439 2437 ἦττον
467 2393 612 2438 λογικοί
639 2393 740 2431 εἰςιν.
776 2393 821 2430 Ὅ
842 2394 885 2430 δὲ
902 2393 1148 2439 προφορικὸς
1166 2393 1283 2437 λόγος
1301 2392 1343 2430 ἐν
1360 2396 1404 2440 τῇ
1425 2396 1542 2442 φωνῇ

180 2454 242 2491 καὶ
268 2454 309 2490 ἑν
334 2455 418 2490 ταῖς
445 2455 656 2493 διαλέκτοις
679 2456 750 2501 τὴν
768 2454 963 2501 ἐνέργειαν
987 2454 1073 2500 ἔχει.
1109 2454 1231 2500 ἤγουν
1251 2453 1273 2491 ὁ
1292 2454 1356 2491 διὰ
1372 2454 1545 2500 γλώςςης

180 2515 242 2553 καὶ
268 2514 454 2561 ςτόματος
471 2518 773 2563 προφερόμενος
792 2515 920 2561 λόγος.
957 2516 1017 2553 διὸ
1037 2517 1098 2553 καὶ
1114 2515 1359 2562 προφορικὸς
1379 2516 1543 2560 λέγεται*
