1779 2958
201 181 249 218 40
638 185 806 227 Ludwig
828 185 1123 228 Rosenmeyer,

205 288 459 327 secundum
491 300 688 337 carnem,
723 290 802 338 qui
836 291 905 327 est
933 300 1070 339 super
1098 289 1248 327 omnia
1282 288 1394 327 deus
1427 288 1561 327 bene-

133 362 165 389 15
202 349 358 390 dictus
388 351 433 389 in
463 363 640 400 aevum,
676 351 846 390 ostendit
873 353 912 390 et
938 352 1021 402 ipse
1056 350 1249 389 visibilem
1278 350 1394 390 deum
1420 351 1561 400 filium,

197 413 238 451 id
262 415 322 452 est
339 425 558 453 sermonem
578 413 651 462 dei,
676 415 767 464 quia
790 415 859 464 qui
882 426 971 452 caro
993 415 1121 453 factus
1150 415 1208 452 est
1230 413 1408 452 Christus
1433 413 1561 451 dictus

203 477 270 513 est.
310 476 357 513 de
396 479 505 525 patre
544 480 674 514 autem
711 476 759 514 ad
797 476 1060 514 Timotheum:
1102 487 1232 525 quem
1271 487 1402 513 nemo
1443 474 1591 528 vidit·

200 537 451 586 hominum,
486 537 566 576 sed
594 549 678 576 nec
713 537 871 576 videre
904 540 1072 587 potest,
1110 548 1346 587 exaggerans
1374 537 1455 585 (10)
1483 549 1562 575 am-

201 598 320 647 plius:
344 599 423 647 qui
443 599 571 636 solus
592 598 728 637 habet
746 599 1130 637 inmortalitatem
1151 600 1195 637 et
1214 599 1362 637 lucem
1382 598 1562 636 habitat

134 670 167 696 20
201 659 600 709 inaccessibilem,
639 661 686 698 de
724 673 800 709 quo
838 663 877 699 et
912 673 1030 710 supra
1067 660 1237 698 dixerat:
1275 661 1375 709 regi
1411 664 1560 697 autem

208 723 520 770 saeculorum,
560 723 815 771 inmortali,
860 722 1119 770 invisibili,
1165 723 1255 760 soli
1293 722 1394 770 deo,
1441 724 1487 759 ut
1524 725 1563 759 et

200 783 392 821 contraria
402 783 479 834 ipsi
489 783 574 822 filio
587 783 906 834 adscriberemus,
918 783 1199 833 mortalitatem,
1215 784 1562 832 accessibilitatem,

201 857 316 893 quem
346 849 542 883 mortuum
571 847 811 883 contestatur
832 846 1046 884 secundum
1071 846 1283 895 scripturas
1306 847 1387 894 (15)
1416 848 1454 883 et
1476 857 1499 882 a
1521 856 1562 882 se

201 906 412 944 novissime
442 906 580 956 visum,
608 918 677 957 per
705 906 972 946 accessibilem
1001 907 1134 957 utique
1162 907 1300 956 lucem,
1330 918 1563 956 quamquam

134 977 167 1003 25
201 971 240 1008 et
263 969 366 1007 illam
392 981 521 1018 neque
543 970 626 1019 ipse
650 970 733 1008 sine
756 970 931 1019 periculo
955 970 1114 1008 luminis
1137 971 1320 1019 expertus
1344 971 1413 1017 est,
1435 980 1563 1017 neque

202 1031 343 1069 Petrus
382 1033 420 1068 et
453 1031 647 1070 Iohannes
685 1036 723 1070 et
756 1031 920 1070 Iacobus
958 1032 1043 1069 sine
1080 1031 1256 1080 rationis,
1294 1030 1348 1082 [et
1385 1030 1563 1080 amentia,

203 1093 285 1146 qui]
312 1094 438 1143 credo,
469 1094 648 1132 morituri
674 1094 832 1143 ibidem,
862 1095 895 1132 si
923 1107 1001 1133 non
1024 1095 1176 1145 passuri
1198 1095 1274 1132 filii
1295 1095 1467 1145 gloriam,
1496 1093 1565 1132 sed

201 1158 350 1205 patrem
374 1156 574 1193 vidissent.
604 1155 737 1193 deum
761 1156 865 1193 enim
894 1167 1024 1194 nemo
1053 1156 1230 1193 videbit
1252 1156 1332 1204 (20)
1355 1159 1399 1193 et
1426 1155 1562 1193 vivet.

309 1240 351 1273 14
384 1251 485 1282 super
509 1242 550 1281 F,
581 1251 641 1282 per
663 1241 739 1280 PM;
809 1241 850 1273 15
877 1251 1010 1274 aevum.
1043 1241 1191 1274 ostendit
1222 1241 1336 1280 vulqo;
1372 1240 1471 1272 deum
1494 1241 1564 1281 ΜΡ,

200 1292 328 1324 domini
344 1293 379 1331 P,
403 1292 458 1324 dei
482 1292 583 1330 Pam3
631 1292 671 1323 16
695 1292 774 1332 quia
798 1292 854 1331 qui
877 1292 946 1330 PM,
970 1291 1028 1331 qui
1051 1292 1131 1332 quia
1154 1292 1193 1330 F;
1217 1291 1260 1323 23
1276 1294 1309 1323 et
1324 1300 1346 1322 a
1360 1301 1397 1322 se
1412 1291 1506 1331 MR³‚
1527 1293 1565 1322 ut

200 1352 221 1374 a
245 1353 281 1375 se
298 1343 415 1382 PFR¹;
453 1342 495 1375 25
516 1352 627 1384 neque
648 1342 720 1383 ipse
741 1342 808 1374 R⁸z
832 1351 942 1383 neque
964 1344 997 1374 et
1018 1341 1090 1383 ipse
1102 1341 1248 1382 PMFR¹;
1287 1340 1329 1374 26
1347 1343 1381 1374 et
1397 1341 1564 1374 iohannes

203 1393 273 1435 PM,
288 1404 398 1435 neque
414 1394 582 1427 iohannes
597 1395 637 1433 F;
662 1394 805 1426 rationis
820 1395 870 1426 R³
887 1393 969 1435 (scil.
982 1394 1152 1435 periculo:
1170 1394 1252 1435 Kr):
1269 1393 1401 1426 ratione
1417 1393 1563 1433 PMFR¹;

200 1448 234 1477 et
257 1445 419 1485 amentia,
443 1445 501 1486 qui
522 1446 655 1476 seclusit
670 1444 734 1485 Kr,
757 1446 817 1485 qui
838 1446 989 1476 adnotat:
1011 1448 1186 1485 postquam
1209 1444 1352 1476 rationis
1375 1445 1412 1474 in
1432 1444 1564 1476 ratione

199 1495 418 1535 depravatum
450 1498 535 1535 erat,
568 1496 807 1536 superscripsit
835 1495 914 1526 huic
944 1495 1097 1527 vocabulo
1126 1494 1253 1536 aliquis
1283 1494 1451 1535 amentia,
1481 1495 1567 1536 quod

199 1547 318 1578 deinde
340 1547 430 1578 inter
451 1546 549 1578 verba
569 1547 726 1587 irrepsit;
773 1547 814 1578 27
831 1546 945 1578 verba:
970 1546 1072 1578 credo
1094 1546 1249 1578 morituri
1265 1545 1401 1586 ibidem,
1424 1557 1508 1587 quae
1529 1547 1567 1577 in

199 1598 298 1627 libris
320 1607 395 1628 mss.
416 1598 522 1636 paulo
548 1598 645 1635 infra
664 1601 741 1636 post
762 1599 894 1636 patrem
915 1596 1083 1629 vidissent
1105 1597 1273 1635 leguntur,
1301 1596 1365 1626 huc
1392 1597 1567 1627 transtulit

200 1647 256 1679 Kr
283 1648 463 1680 adnotans:
494 1648 733 1680 claudicantem
757 1648 935 1689 periodum
962 1651 999 1679 ut
1025 1652 1178 1688 sanaret,
1206 1648 1292 1680 idem
1319 1648 1377 1679 ille
1404 1651 1568 1679 corrector

199 1700 332 1731 addidit
354 1701 441 1741 quod
462 1700 586 1731 seclusi
607 1700 674 1740 qui,
698 1700 776 1740 Eny
791 1700 940 1730 ordinem
962 1700 1125 1730 traditum
1140 1699 1312 1730 verborum
1326 1700 1505 1738 defendens
1518 1700 1567 1730 sic

201 1751 271 1781 vult
293 1751 450 1782 rescribi:
475 1751 534 1791 qui
557 1751 585 1781 si
611 1768 651 1772 —
674 1750 840 1781 vidissent
862 1749 1044 1791 <essent,>
1066 1749 1178 1790 credo,
1201 1749 1325 1782 mortui
1348 1749 1484 1782 ibidem.

312 1826 612 1865 Consideremus
627 1828 745 1864 totam
760 1826 989 1864 sententiam
1006 1826 1237 1875 incipientes
1252 1839 1274 1864 a
1289 1827 1410 1868 254s7
1422 1825 1564 1875 (2315);

202 1888 395 1938 ‘Denique
419 1888 685 1939 inspiciamus,
714 1899 830 1938 quem
854 1888 1053 1938 apostolil)
1075 1887 1253 1926 viderint.
1297 1888 1417 1938 quod
1447 1887 1567 1926 vidi-

203 1963 318 2000 mus,
353 1951 482 2001 inquit
514 1951 719 1998 Iohannes,
754 1950 871 1999 quod
902 1950 1179 1999 audivimus,
1214 1950 1364 1989 oculis
1392 1950 1566 1988 nostris

202 2013 406 2050 vidimus
444 2016 487 2050 et
522 2024 682 2050 manus
716 2015 902 2051 nostrae
937 2015 1351 2052 contrectaverunt
1383 2013 1437 2053 de
1471 2025 1566 2053 ser-

204 2088 335 2114 mone
358 2077 492 2114 vitae.
528 2087 675 2115 sermo
700 2077 804 2115 enim
826 2078 930 2115 vitae
955 2089 1060 2116 caro
1084 2076 1236 2115 factus
1260 2077 1380 2125 est2),
1410 2077 1566 2115 auditus

206 2142 245 2176 et
275 2139 382 2175 visus
411 2142 449 2175 et
478 2139 749 2186 contrectatus,
779 2139 871 2187 quia
900 2150 999 2187 caro,
1029 2139 1097 2187 qui
1121 2142 1209 2175 ante
1233 2149 1388 2175 carnem
1418 2149 1566 2175 sermo

206 2203 357 2238 tantum
395 2200 434 2237 in
470 2199 722 2249 primordio
757 2199 877 2249 apud
911 2199 1045 2238 deum
1077 2203 1226 2250 patrem
1259 2223 1310 2229 —
1345 2211 1425 2238 non
1459 2201 1568 2250 pater

205 2261 309 2311 apud
343 2273 570 2299 sermonem.
613 2274 700 2298 nam
737 2262 810 2299 etsi
845 2261 958 2299 deus
991 2273 1138 2299 sermo
1151 2263 1194 2310 3),
1231 2262 1300 2299 sed
1329 2262 1421 2310 quia
1448 2262 1565 2311 apud

314 2346 336 2386 ¹)
361 2345 564 2386 ‘Apostolus’
580 2344 678 2378 initio
690 2345 832 2378 Paulum
848 2345 1109 2387 significaverat.
1133 2345 1319 2378 Iohannem
1340 2355 1474 2387 semper
1489 2355 1565 2378 cum

206 2405 247 2428 eo
271 2396 430 2437 coniungi
453 2396 490 2428 in
512 2396 578 2428 hoc
602 2400 800 2437 argumento
823 2406 924 2429 nemo
947 2397 1133 2429 mirabitur.

314 2447 337 2488 ²)
360 2448 373 2479 I
396 2447 465 2480 loh.
484 2448 514 2487 1,
532 2448 548 2480 1
573 2448 640 2481 iam
667 2447 831 2489 excipitur
853 2448 967 2480 verbis
990 2448 1047 2480 Ev.
1065 2448 1241 2488 loh.1‚14.

310 2499 336 2540 ³)
362 2499 399 2531 Id
422 2502 474 2532 est
496 2499 550 2531 καὶ
575 2501 653 2532 θεὸς
675 2500 718 2539 ἦν
747 2500 766 2531 ὁ
790 2500 911 2539 λόγος
941 2499 1020 2532 inde
1050 2499 1153 2532 etiam
1182 2499 1361 2532 collocatio
1384 2500 1566 2533 verborum

204 2550 410 2590 explicanda
433 2553 494 2583 est.
