1779 2958
161 163 212 201 28
598 167 765 210 Ludwig
788 168 1088 211 Rosenmeyer,

160 271 317 309 dixeris.
342 271 481 320 Neque
496 271 618 321 magis
633 271 859 309 adversatur
873 271 970 310 alter
983 271 1092 310 locus
1108 271 1202 321 (c.11
1213 270 1524 321 229l11-3s2):

160 333 238 382 ‘qui
269 334 402 381 (filius)
432 333 575 372 exinde
603 334 754 373 miserit
787 334 1005 373 secundum
1039 334 1335 384 promissionem
1364 346 1474 372 suam
1503 347 1526 372 a

159 396 299 443 patre
323 395 502 444 spiritum
523 395 733 441 sanctum'3
762 394 940 439 προβολή
972 396 1076 433 enim
1097 397 1154 433 est
1175 395 1250 432 filii
1275 396 1337 432 vel
1361 396 1526 433 emissus

158 469 181 494 a
207 456 308 502 filio,
343 457 411 506 qui
439 461 568 495 tamen
596 457 679 506 ipse
710 456 875 495 emissus
905 459 964 496 est
992 470 1014 495 a
1042 460 1160 507 patre.
1204 457 1371 507 Egregie
1405 457 1528 507 igitur

158 519 306 556 fallitur
334 520 395 555 vir
422 520 524 556 inter
552 519 750 567 theologos
780 519 1027 557 doctissimus
1055 520 1276 557 Fridericus
1300 519 1425 567 Loofs,
1456 520 1525 568 qui

159 580 197 617 in
228 579 326 617 libro
360 580 575 630 praeclaro,
605 580 671 630 qui
701 579 932 619 inscribitur
964 580 1190 620 «Leitfaden
1227 593 1316 619 zum
1344 580 1523 620 Studium

158 642 228 680 der
256 642 694 692 Dogmengeschichte»,
728 643 801 690 (ed.
829 645 864 691 4,
900 655 983 692 pag.
1005 644 1098 691 160,
1128 656 1162 680 n.
1185 644 1223 691 8)
1259 643 1414 681 laudato
1449 644 1526 682 hoc

156 703 381 742 Tertulliani
405 704 489 742 loco
510 703 632 742 addit:
659 703 754 742 «Die
774 704 970 754 processio
991 704 1150 755 spiritus
1171 704 1206 742 ‘a
1220 705 1327 755 patre
1346 704 1521 755 filioque’

156 767 207 804 ist
237 767 317 804 also
349 767 404 804 im
428 766 683 805 Abendlande
711 767 889 815 uralt1)».
929 767 1076 805 Nititur
1104 768 1168 806 ille
1197 767 1343 805 indocti
1372 768 1522 806 scribae

157 827 260 864 futili
280 832 513 875 correctura,
533 828 609 865 nisi
628 829 732 877 piam
751 828 931 866 fraudem
951 829 1080 867 dicere
1102 830 1232 866 mavis.
1261 829 1520 867 Tertullianus

156 889 239 939 ipse
269 890 480 928 trinitatem
510 890 564 928 ita
593 890 812 940 explicavit,
842 892 886 928 ut
913 893 991 929 tres
1019 903 1204 941 personas
1232 891 1345 930 aliam
1375 903 1425 930 ex
1448 891 1523 930 alia

157 964 356 989 emanasse
377 952 532 990 diceret.
561 952 608 989 In
628 952 875 990 confessione
895 953 1035 1001 synodi
1050 953 1221 990 Toletani
1240 954 1345 1002 (anni
1362 954 1439 990 400
1456 957 1525 991 aut

156 1014 232 1050 447
246 1015 278 1061 Υ)
298 1013 466 1062 primum
480 1013 667 1062 legimus:
685 1013 916 1062 ‘paracletus
932 1026 953 1051 a
968 1015 1075 1063 patre
1097 1014 1257 1063 filioque
1278 1014 1520 1064 procedens'3

157 1087 271 1124 quam
312 1075 517 1114 lectionem
558 1075 686 1114 scriba
726 1075 1004 1114 restituendam
1046 1077 1209 1125 putavit,
1245 1089 1332 1114 cum
1369 1077 1523 1115 ‘tertius

156 1138 262 1175 enim
282 1142 340 1175 est
361 1139 520 1187 spiritus
541 1151 560 1175 a
583 1138 654 1175 deo
676 1149 730 1175 ex
752 1138 849 1174 filio’
871 1138 1014 1174 iniuria
1035 1139 1200 1175 mutaret
1224 1138 1265 1174 in
1286 1139 1434 1176 ‘tertius
1455 1169 1461 1176 .
1485 1169 1491 1176 .
1513 1169 1521 1176 .

157 1212 179 1237 a
208 1200 280 1238 deo
311 1204 354 1238 et
381 1200 489 1238 filio’.

264 1262 339 1300 Sed
370 1264 531 1300 unicum
561 1263 666 1300 hunc
699 1263 845 1309 locum,
880 1262 947 1299 ubi
982 1261 1089 1299 labor
1116 1266 1261 1310 noster,
1291 1263 1356 1310 qui
1386 1275 1522 1301 neces-

156 1325 257 1361 sario
295 1324 523 1373 plerumque
561 1324 722 1361 minutis
759 1323 801 1360 in
837 1323 952 1361 rebus
992 1323 1221 1372 continetur,
1259 1323 1308 1361 ad
1344 1324 1521 1373 graviora

156 1387 349 1433 ascendit,
386 1390 428 1424 ut
464 1387 558 1435 iam,
594 1386 788 1435 quomodo
824 1385 962 1435 dogma
996 1386 1093 1423 illud
1129 1386 1315 1424 ecclesiae
1350 1387 1519 1436 primum

156 1448 274 1486 verba
297 1452 504 1497 certaeque
529 1449 768 1487 definitionis
791 1448 999 1486 formulam
1023 1448 1226 1496 invenerit,
1256 1448 1387 1487 videre
1410 1449 1523 1487 nobis

155 1510 366 1559 videamur,
396 1511 448 1548 ita
472 1511 584 1559 quasi
607 1510 711 1549 sicco
735 1510 833 1560 pede
857 1510 1021 1548 transire
1045 1509 1225 1558 equidem
1250 1510 1348 1548 nolo.
1379 1510 1521 1556 Quam-

156 1584 272 1621 quam
295 1572 328 1609 si
354 1571 453 1609 ultra
477 1572 637 1610 tendere
661 1572 843 1621 equidem
868 1571 1045 1619 conabor,
1069 1582 1131 1609 me
1155 1571 1421 1621 titubantibus,
1444 1573 1521 1610 for-

154 1639 255 1672 tasse
293 1635 408 1672 etiam
447 1634 678 1672 errabundis
714 1634 899 1682 gradibus
938 1634 1011 1671 hoc
1044 1633 1238 1670 facturum
1273 1633 1391 1683 probe
1429 1635 1520 1672 scio.

154 1695 324 1734 Videant
352 1696 472 1745 igitur
500 1695 575 1734 alii.
617 1695 716 1734 Mihi
739 1695 838 1733 bene
862 1694 1036 1744 intellegi
1059 1693 1223 1744 videtur,
1253 1706 1323 1733 cur
1346 1696 1520 1734 nascenti

154 1758 324 1807 dogmati
353 1758 454 1796 hanc
483 1759 653 1796 maxime
681 1757 890 1795 formulam
919 1756 1122 1806 elegerint,
1157 1757 1229 1795 hac
1256 1758 1425 1807 imagine
1454 1759 1516 1797 vel

155 1819 225 1856 hac
256 1819 453 1868 cogitandi
480 1819 631 1856 ratione
660 1819 953 1868 persuasionem
982 1829 1089 1855 suam
1120 1819 1261 1867 optime
1290 1819 1516 1869 intellegere

154 1881 227 1918 sibi
251 1882 324 1919 visi
348 1881 436 1919 sint.
477 1881 661 1919 Nondum
684 1884 862 1931 poterant
884 1880 996 1918 aliter
1018 1879 1283 1918 ratiocinando
1307 1881 1518 1919 trinitatem

154 1946 193 1980 et
232 1944 419 1980 unitatem
460 1943 698 1991 coniungere
736 1942 813 1979 nisi
849 1953 918 1991 per
957 1942 1244 1979 emanationum
1281 1941 1519 1991 (προβολῶν)

153 2005 303 2043 seriem.
345 2005 526 2043 Nondum
558 2005 663 2043 enim
693 2004 915 2043 exoleverat
943 2004 1040 2042 mira
1068 2003 1132 2042 illa
1155 2005 1226 2051 vis,
1255 2016 1371 2054 quam
1400 2005 1516 2043 etiam

152 2067 463 2106 adversariorum
487 2067 786 2117 cogitationibus
810 2067 1019 2104 intulerant
1038 2066 1222 2114 Gnostici,
1251 2066 1291 2103 id
1312 2067 1413 2116 quod
1434 2068 1519 2117 ipse

152 2130 266 2168 docet
287 2129 557 2168 Tertullianus.
598 2129 659 2166 Illi
684 2130 813 2167 autem
837 2140 886 2166 ex
911 2128 1163 2178 religionibus
1185 2128 1426 2178 popularium
1452 2140 1518 2166 su-

152 2205 264 2229 orum
304 2193 403 2230 hanc
441 2192 553 2240 quasi
592 2192 799 2228 formulam
834 2192 1110 2229 transtulerant
1147 2195 1185 2229 et
1221 2204 1243 2228 a
1278 2191 1518 2240 philosophis
1562 2228 1564 2231 .

152 2257 455 2303 assumpserant,
490 2252 633 2303 quibus
668 2253 906 2303 argumentis
942 2252 1230 2291 multitudinem
1265 2253 1404 2290 unitati
1437 2264 1516 2291 non

151 2327 370 2365 repugnare
395 2315 660 2353 defenderent.
702 2315 801 2353 Cum
824 2327 904 2352 una
926 2315 1062 2353 harum
1086 2315 1330 2365 religionum,
1360 2317 1516 2365 Aegyp-

151 2377 293 2414 tiorum
308 2376 405 2425 dico,
416 2377 531 2426 paulo
545 2378 673 2414 notior
685 2377 852 2426 sit,hanc
865 2376 1027 2426 eligo,ut
1036 2378 1225 2428 exemplis
1236 2377 1330 2427 quid
1341 2379 1515 2427 sentiam,

265 2463 286 2502 ¹)
309 2462 424 2504 Agitur
448 2463 489 2494 de
514 2464 620 2504 ‘patre
643 2463 792 2504 filioque’
816 2463 1009 2504 Augustini,
1039 2463 1130 2505 quod
1157 2465 1278 2504 postea
1305 2464 1417 2505 magni
1442 2467 1517 2498 erat

150 2515 311 2547 momenti
335 2514 372 2545 in
395 2515 581 2546 certamine
607 2514 877 2547 Christianorum
901 2515 1041 2547 orientis
1065 2519 1099 2547 et
1123 2516 1320 2548 occidentis.
