1779 2958
218 183 442 228 Quaestiones
454 182 701 215 Tertullianeae
716 181 762 215 ad
776 180 899 214 librum
914 180 1087 215 Adversus
1098 181 1254 214 Praxean
1265 181 1483 223 pertinentes.
1523 179 1573 217 35

220 288 346 328 Deum
360 298 486 335 nemo,
510 285 651 335 inquit,
665 284 764 323 vidit
776 296 959 334 unquam.
996 284 1047 337 Et
1061 284 1257 335 apostolus
1273 284 1435 324 Paulus:
1452 285 1576 332 Quem

219 350 319 389 vidit
339 348 542 388 hominum
558 359 673 386 nemo
692 358 766 386 nec
783 346 917 385 videre
934 347 1072 397 potest.
1110 346 1185 386 Sed
1203 358 1282 385 non
1301 347 1438 396 utique
1457 347 1576 397 scrip-

219 415 307 450 tura
341 409 546 448 mentitur:
577 419 668 458 ergo
695 419 787 446 vere
814 407 922 446 visus
957 409 1016 448 est
1051 407 1158 446 deus.
1203 408 1266 446 Ex
1300 419 1376 457 quo
1404 408 1576 458 intellegi

217 474 352 524 potest,
380 470 485 521 quod
506 482 586 509 non
608 471 717 521 pater
738 469 848 508 visus
870 469 930 520 sit,
960 470 1029 520 qui
1050 482 1253 520 nunquam
1274 471 1382 509 visus
1411 472 1479 520 est,
1508 471 1575 510 sed

216 535 335 582 filius,
369 533 438 582 qui
472 535 512 571 et
544 532 780 571 descendere
808 532 945 570 solitus
973 535 1034 571 est
1061 536 1100 571 et
1126 532 1261 582 videri,
1295 533 1388 582 quia
1416 533 1576 571 descen-

219 595 342 634 derit’.
388 594 472 632 Iam
495 605 586 643 ergo
615 593 714 632 alius
738 595 798 632 est
815 594 884 643 qui
905 593 1120 644 videbatur,
1149 595 1248 633 alius
1272 595 1340 644 qui
1367 607 1446 633 non
1470 594 1577 634 vide-

216 657 341 706 batur,
376 656 542 694 visibilis
570 658 630 694 est
655 655 764 693 filius
791 667 859 705 pro
888 655 1044 694 modulo
1073 655 1336 705 derivationis,
1366 656 1575 695 invisibilis

217 720 276 758 est
307 721 418 768 pater
449 729 520 767 pro
548 716 790 767 plenitudine
818 717 1037 757 maiestatis.

326 780 360 817 2.
385 778 660 835 Occupationis
682 778 834 828 figurae
856 789 953 817 usus
971 779 1138 818 artificio
1158 791 1258 829 quae
1281 781 1440 819 contra
1462 780 1575 820 haec

216 842 510 894 protulerant
537 840 771 880 haeretici
797 840 1055 879 Tertullianus
1083 845 1278 892 tamquam
1304 842 1498 892 prolatum
1525 843 1574 881 iri

216 905 404 954 expectet,
423 904 507 953 ipse
526 903 673 953 profert
692 904 731 941 et
747 902 962 952 redarguit3
988 902 1056 941 sed
1080 903 1245 942 obscura
1263 906 1354 942 sunt
1371 904 1489 943 verba
1507 905 1574 943 illa

217 964 421 1004 25113—4
450 963 729 1014 (20125-26);
760 965 841 1004 ‘sed
869 964 1124 1003 diximus...’
1163 965 1361 1004 Haeretici
1389 966 1486 1005 duas
1512 979 1574 1005 res

217 1028 370 1066 obstare
399 1027 614 1065 affirmant:
645 1027 680 1076 a)
706 1026 835 1064 filium
859 1028 898 1065 et
918 1027 1056 1076 ipsum,
1079 1028 1124 1065 ut
1145 1039 1372 1077 sermonem,
1395 1030 1440 1066 ut
1461 1029 1574 1078 spiri·

215 1090 299 1127 tum
316 1088 553 1127 invisibilem
573 1099 657 1127 esse
681 1089 841 1138 oportet.
883 1087 922 1136 b)
945 1088 978 1125 si
996 1088 1060 1126 ille
1082 1089 1165 1126 tum
1189 1089 1238 1126 ad
1256 1088 1417 1138 Moysen
1438 1089 1573 1139 loque-

216 1150 339 1200 batur,
374 1150 422 1189 de
456 1161 498 1188 se
532 1150 615 1200 ipse
652 1149 770 1187 dixit:
806 1149 896 1188 ‘non
926 1149 1073 1188 videbit
1105 1150 1219 1188 homo
1251 1151 1392 1190 faciem
1421 1153 1571 1190 meam'.

215 1213 318 1263 Ergo
346 1212 544 1251 distinctio
567 1224 659 1251 vera
686 1223 765 1250 non
793 1214 866 1260 est;
895 1212 1006 1250 ambo
1031 1215 1069 1250 et
1090 1212 1263 1251 visibiles
1292 1214 1331 1251 et
1356 1213 1573 1252 invisibiles

215 1277 316 1325 sunt,
338 1288 461 1327 unum
480 1276 601 1326 igitur
619 1278 720 1313 sunt.
748 1275 841 1313 Post
859 1275 911 1313 ‘et
927 1275 1067 1313 filium’
1087 1272 1239 1324 (25113)
1257 1275 1377 1324 igitur
1393 1274 1573 1313 Reitzen-

214 1338 377 1377 steinius
398 1338 577 1376 lacunam
596 1338 739 1387 signat3
769 1336 962 1375 desiderat
980 1337 1100 1375 enim:
1125 1336 1261 1383 ²<falso
1283 1336 1404 1386 igitur
1424 1328 1571 1386 patrem

214 1398 371 1447 quidem
390 1411 460 1448 per
478 1399 607 1437 filium
625 1398 913 1436 manifestatum
933 1397 1230 1444 contendimus>
1251 1399 1296 1435 et
1313 1397 1485 1435 diximus
1500 1428 1508 1435 .
1525 1428 1533 1436 .
1549 1399 1571 1435 .’

215 1459 279 1499 Ad
307 1459 412 1510 quod
440 1460 538 1499 bene
566 1472 607 1499 se
636 1460 828 1511 adiungit:
859 1460 984 1499 ‘nam’
1013 1461 1238 1510 (mutatione
1268 1472 1364 1510 opus
1391 1473 1472 1499 non
1500 1463 1572 1510 est)

216 1522 268 1561 ‘et
300 1523 398 1561 fflud
432 1523 627 1562 adicient.
650 1553 658 1561 .
681 1523 703 1561 ,³
745 1524 928 1572 Sequitur
960 1523 1125 1561 alterum
1157 1522 1255 1560 illud
1289 1523 1573 1562 haereticorum

214 1588 494 1636 argumentum,
530 1585 633 1636 quod
666 1585 911 1625 concluditur
938 1584 1084 1624 verbis:
1115 1584 1219 1635 ‘ergo
1248 1584 1412 1623 visibilis
1448 1586 1488 1624 et
1513 1585 1572 1623 in-

213 1647 380 1685 visibilis
412 1648 534 1694 idem3
570 1649 608 1686 et
641 1648 733 1697 quia
765 1648 867 1686 idem
900 1649 1120 1696 utrumque,
1154 1647 1242 1685 ideo
1277 1648 1316 1685 et
1348 1647 1431 1697 ipse
1464 1651 1574 1697 pater

212 1708 432 1759 invisibilis,
456 1722 532 1759 qua
555 1711 594 1748 et
615 1711 650 1761 (ᾗ
671 1710 744 1758 καὶ)
765 1708 884 1759 filius,
907 1708 1102 1755 visibilis’3
1126 1707 1196 1747 sed
1213 1710 1382 1759 praestat
1400 1709 1571 1748 scribere

213 1770 267 1810 ‘et
300 1771 392 1821 quia
423 1771 531 1810 idem
562 1774 773 1821 utrumque
805 1772 893 1820 (scil.
914 1771 1065 1810 visibilis
1096 1774 1131 1810 et
1157 1771 1376 1820 invisibilis),
1410 1771 1498 1810 ideo
1533 1775 1572 1811 et

211 1832 295 1882 ipse
317 1835 427 1883 pater
447 1833 665 1883 invisibilis,
695 1834 763 1883 qui
791 1834 830 1872 et
850 1833 958 1871 filius
979 1832 1211 1881 visibffis'¹):
1243 1833 1301 1871 καὶ
1325 1831 1379 1871 ὅτι
1403 1833 1426 1871 ὁ
1451 1833 1569 1873 αὐτὸ(

212 1893 437 1942 ἀμφότερόν
457 1894 564 1944 ἐςτιν,
585 1894 607 1932 ὁ
627 1895 744 1934 αὐτός
758 1896 831 1935 ἑετι
846 1896 967 1942 πατὴρ
983 1894 1158 1944 ἀόρατος,
1179 1895 1223 1933 ὃ(
1239 1896 1300 1932 καὶ
1315 1895 1396 1934 υἱὸς
1414 1895 1568 1943 ὁρατός.

319 1956 428 1995 Haec
454 1956 576 2006 igitur
602 1957 681 1995 iam
709 1957 888 1995 refutat
908 1956 1184 1994 Tertullianus:
1215 1956 1340 2005 ‘quasi
1369 1968 1456 1995 non.
1487 1987 1494 1995 .
1516 1987 1524 1995 .
1545 1987 1552 1995 .

210 2016 361 2057 Iniuria
379 2019 475 2058 haec
495 2018 613 2058 verba
626 2018 902 2068 Kmymannus
922 2018 1085 2057 mutavit
1102 2018 1143 2055 in
1158 2017 1283 2067 ‘quasi
1301 2019 1425 2065 vero’;
1442 2019 1568 2068 ‘quasi

211 2079 303 2116 non’
325 2079 380 2117 ita
401 2083 446 2117 ut
468 2080 568 2119 duae
586 2081 811 2130 negationes
833 2079 1105 2117 affirmativam
1125 2079 1295 2117 reddunt
1316 2081 1566 2118 sententiam:

210 2138 294 2179 ‘sed
327 2144 459 2180 nostra
495 2141 686 2192 expositio
722 2141 904 2193 competit
1054 2140 1195 2180 Melius
1229 2141 1303 2179 hoc
1330 2143 1497 2192 apparet,
1534 2143 1568 2181 si

210 2203 416 2242 scribimus
439 2216 557 2254 parva
578 2205 809 2243 mutatione:
839 2204 963 2253 ‘quasi
991 2215 1068 2241 non
1096 2206 1203 2250 <et>
1234 2203 1425 2253 expositio
1449 2205 1568 2255 scrip—

208 2265 329 2315 turae,
353 2277 451 2316 quae
473 2266 522 2304 fit
540 2278 562 2304 a
583 2265 708 2316 nobis,
729 2266 812 2305 filio
833 2264 1045 2316 competat’.
1073 2264 1155 2303 Iam
1173 2264 1241 2303 illa
1260 2264 1381 2315 ‘patre
1400 2267 1567 2317 seposito

207 2326 250 2365 in
284 2339 355 2366 sua
385 2328 622 2367 visibilitate’
650 2329 787 2378 utique
815 2328 981 2367 absurda
1007 2328 1117 2374 sunt3
1151 2327 1310 2377 illepida
1339 2329 1399 2366 est
1424 2328 1566 2379 Engel-

207 2387 374 2427 brechtii
400 2390 674 2440 interpunctio,
703 2403 779 2440 qua
806 2390 978 2440 scripsit:
1009 2389 1104 2426 ‘filio
1133 2390 1336 2438 competat,
1369 2391 1479 2439 patre
1507 2402 1567 2429 se-

321 2475 342 2517 ¹)
367 2475 415 2509 Cf.
433 2486 507 2517 cap.
521 2476 587 2510 XV.
604 2486 637 2518 p.
649 2475 767 2518 253s22
782 2475 920 2518 (22129);
936 2476 984 2508 ‘ut
1005 2474 1096 2508 idem
1117 2474 1162 2507 sit
1177 2476 1275 2516 pater
1290 2475 1472 2509 invisibilis
1487 2479 1566 2509 ante

208 2534 346 2559 carnem
369 2527 426 2568 qui
450 2529 483 2559 et
505 2527 594 2559 filius
618 2527 762 2559 visibilis
785 2526 820 2559 in
843 2535 945 2559 carne
955 2526 983 2557 *θ’

1373 2590 1413 2623 3*
