1779 2958
200 170 250 207 36
644 173 809 214 Ludwig
830 174 1124 214 Roseumeyer,

198 276 335 325 posito,
364 276 407 313 in
436 287 507 314 sua
531 275 779 314 visibilitate’.
819 275 986 325 Egregia
1008 275 1176 313 Harrisii
1199 277 1258 314 est
1279 275 1413 314 lectio:
1444 274 1566 325 ‘patre

199 338 367 387 seposito
396 337 438 375 in
466 349 538 375 sua
561 336 911 384 <in>visibilitate’:
942 337 1060 384 χωρὶς
1089 336 1202 376 ὄντος
1229 337 1568 386 (ἀποτετμημένον)

198 401 269 437 τοῦ
293 400 436 445 πατρὸς
462 398 502 437 ἐν
523 403 565 448 τῇ
586 399 757 448 ἀοραςίᾳ.
791 398 847 436 De
866 399 986 447 patre,
1010 398 1076 447 qui
1096 409 1249 448 semper
1267 402 1327 437 est
1345 398 1565 448 invisibilis,

198 473 278 499 non
293 461 431 510 agitur.
451 460 576 499 Multo
592 460 793 499 difficilior
807 460 1043 499 constructio
1059 459 1162 511 apud
1175 460 1469 510 Kroymannum
1485 461 1564 499 est:

199 522 325 571 ‘quasi
347 534 440 561 vero
465 552 472 560 .
494 553 502 560 .
523 553 531 560 .
554 523 637 560 filio
662 523 854 572 competat
877 525 966 568 <a>
990 523 1098 571 patre
1124 522 1294 571 seposito
1318 522 1361 559 in
1385 534 1456 560 sua
1473 523 1565 560 visi-

201 584 367 622 bilitate:
406 585 476 623 Als
511 584 553 623 ob
589 597 721 623 unsere
756 583 1049 635 Interpretation
1085 584 1156 622 den
1194 583 1296 623 Solm
1333 586 1466 623 meinte
1499 585 1567 633 (sio

199 648 314 685 meint
345 647 414 685 ihn
445 646 534 685 aber
567 646 697 694 nicht),
729 646 894 697 losyelo‘st
925 658 1004 684 vom
1037 645 1151 684 Vater
1184 646 1264 684 und
1290 646 1429 684 darum
1456 646 1566 684 sicht-

199 708 277 746 bar.
321 708 385 746 Sic
414 708 519 746 enim
548 707 767 757 ‘sepositus’
795 707 900 745 idem
929 708 1030 745 esset
1057 719 1103 745 ae
1132 707 1319 756 ‘divisus',
1348 708 1450 757 quod
1478 719 1564 757 pro-

199 769 291 807 bare
320 781 398 807 non
425 781 585 819 possum
614 769 824 819 exemplis;
848 769 902 806 ‘in
931 780 1003 806 sua
1031 768 1269 817 visibilitate’
1293 780 1371 806 non
1395 769 1563 817 haberet,

199 830 247 868 ad
282 831 385 880 quod
417 831 639 869 referretur.
683 831 733 868 Et
758 832 803 869 ut
830 831 904 869 hoe
933 830 1119 879 efficeret,
1154 830 1429 880 Kroymannus
1458 830 1564 868 ‘non’

198 893 240 930 in
270 892 388 931 ‘vero'
416 894 602 931 mutavit!
634 916 684 921 —
714 894 926 942 Pergamus
955 904 1081 930 nunc:
1117 893 1276 939 λέγομεν
1303 893 1377 939 γὰρ
1406 894 1466 930 καὶ
1493 894 1563 930 τὸν

198 954 283 992 υἱὸν
312 954 428 992 αὐτὸν
458 954 545 992 καθ’
566 955 702 992 ἑαυτὸν
731 955 816 1003 (suo
840 954 1011 1001 nomine)
1040 954 1221 1003 ἀόρατον,
1251 954 1336 992 καθ’
1357 954 1413 997 ὅτι
1442 954 1561 999 λόγος

200 1017 272 1057 ἑςτὶ
301 1019 362 1055 καὶ
390 1019 542 1064 πνεῦμα
571 1020 682 1067 θεοῦ,
716 1017 885 1056 τουτὲςτι
912 1020 956 1066 τῇ
986 1017 1103 1067 οὐςίᾳ,
1132 1018 1179 1063 ἢν
1204 1017 1279 1063 ἔχει
1303 1017 1357 1055 ὡς
1385 1018 1474 1055 θεὸς
1501 1017 1562 1054 καὶ

201 1080 320 1124 λόγος
349 1081 408 1117 καὶ
435 1081 586 1126 πνεῦμα
616 1081 720 1118 θεοῦ.
761 1079 849 1125 Quo
884 1079 1144 1117 additamento
1179 1079 1221 1117 in
1249 1081 1474 1118 memoriam
1502 1091 1562 1118 re-

199 1142 313 1179 vocat
346 1144 461 1191 eaput
479 1141 572 1190 VII,
607 1153 684 1190 quo
719 1142 900 1191 exposuit
933 1142 1053 1186 λόγον
1088 1144 1181 1180 θεοῦ
1217 1143 1256 1180 et
1288 1144 1439 1188 πνεῦμα
1468 1143 1562 1180 θεοῦ

201 1203 454 1240 substantiam
480 1203 621 1240 habere
644 1205 830 1252 oportere.
865 1203 1122 1242 Scribendum
1142 1203 1263 1252 igitur
1281 1204 1358 1240 est:
1383 1203 1562 1241 ‘dicimus

200 1294 207 1302 .
229 1294 236 1301 .
258 1295 265 1302 .
287 1276 336 1302 ex
366 1263 605 1302 substantiae
635 1265 874 1314 condicione,
905 1277 1038 1315 quam
1066 1264 1258 1314 habet1),
1289 1265 1381 1314 quia
1404 1264 1500 1303 deus
1525 1266 1563 1303 et

199 1338 326 1364 sermo
356 1330 394 1364 et
422 1326 581 1375 spiritus
611 1327 697 1364 dei’.
740 1327 786 1364 In
816 1327 1071 1376 sequentibus
1101 1327 1314 1364 difficultas
1348 1327 1456 1364 nulla
1484 1329 1562 1364 est:

200 1388 255 1426 ‘os
275 1388 323 1426 ad
343 1399 385 1426 os
404 1388 541 1437 loquar
559 1387 629 1425 illi’
649 1388 898 1440 adimpletum
920 1392 979 1427 est
997 1389 1039 1427 in
1059 1390 1200 1427 montis
1219 1388 1368 1439 (Tabor)
1388 1400 1560 1436 secessu3

199 1453 312 1489 antea
336 1450 512 1488 Christus
540 1451 581 1487 in
610 1452 766 1499 speculo
792 1453 829 1489 et
857 1452 1073 1501 aenigmate
1102 1453 1140 1489 et
1167 1452 1317 1489 visione
1347 1453 1385 1489 et
1412 1452 1563 1488 somnio

201 1512 413 1550 videbatur.
457 1511 498 1549 Si
528 1511 686 1560 Moyses
720 1516 833 1551 antea
866 1513 1008 1551 faeiem
1042 1513 1126 1551 eius
1161 1512 1337 1562 vidisset,
1372 1512 1566 1562 quomodo

201 1574 437 1613 desideraret
468 1574 608 1612 faeiem
643 1575 728 1612 eius
759 1575 905 1624 videre,
940 1575 1130 1624 quomodo
1161 1575 1257 1613 deus
1285 1574 1425 1613 faciem
1453 1586 1562 1612 suam

200 1636 324 1674 videri
360 1647 472 1685 posse
508 1637 638 1684 negat,
679 1637 713 1673 si
750 1636 1001 1674 ostenderat?
1052 1636 1168 1674 Nunc
1204 1633 1565 1685 (252115—21s29)

200 1697 298 1735 nihil
340 1697 518 1747 sequitur
559 1697 636 1735 nisi
676 1698 772 1735 ‘aut
811 1709 910 1747 quae
953 1701 1013 1736 est
1050 1697 1172 1736 facies
1212 1697 1288 1736 dei’
1327 1700 1372 1735 ut
1410 1697 1566 1747 saepius

201 1759 282 1796 ‘aut
310 1759 422 1807 quale
453 1760 534 1806 est',
564 1760 668 1807 quod
698 1760 953 1797 confirmatur
981 1760 1097 1797 etiam
1124 1759 1321 1807 sequenti:
1352 1758 1432 1795 ‘aut
1454 1770 1568 1795 num-

203 1820 297 1870 quid
319 1820 428 1857 filius
450 1850 457 1857 .
478 1850 486 1857 .
507 1820 548 1858 .':
579 1820 602 1866 ἢ
625 1821 656 1858 τί
680 1821 751 1859 ἑςτι
776 1823 869 1859 θεοῦ
893 1820 1116 1870 πρόςωπον,
1141 1820 1163 1858 ὃ
1188 1819 1286 1867 ὁρᾶν
1311 1819 1382 1858 οὐκ
1406 1819 1567 1866 ἕξεςτιν;

202 1883 235 1920 εἴ
259 1896 293 1919 τι
322 1882 454 1930 ὤφθη,
483 1904 534 1908 -
565 1880 706 1930 εἶδον,
747 1882 821 1928 ἔφη
851 1882 997 1930 Ἰακώβ,
1033 1881 1143 1930 (Gen.
1172 1881 1335 1918 XXXII
1357 1881 1422 1929 so),
1457 1882 1566 1919 θεὸν

201 1944 450 1990 πρόςωπον
483 1941 595 1989 πρὸς
630 1943 898 1992 πρόςωπον,
934 1944 1005 1981 καὶ
1034 1943 1179 1989 ἑςώθη
1210 1954 1295 1989 μου
1324 1942 1490 1989 ἡψυχή
1514 1964 1564 1970 ——

203 2006 336 2052 ἕτερον
365 2005 510 2053 ὀφείλει
539 2003 631 2043 εἶναι
659 2003 703 2043 τὸ
731 2005 953 2053 πρόςωπον,
983 2005 1005 2043 ὃ
1036 2004 1237 2052 ὁρώμενον
1266 2003 1486 2043 ἀποκτείνει.
1516 2004 1566 2042 Ἢ

202 2067 283 2105 υἱός
313 2079 357 2111 γε
391 2069 458 2112 μὲν
488 2067 654 2114 ἑωρᾶτο,
690 2088 740 2092 ——
777 2066 807 2103 εἰ
836 2067 897 2103 καὶ
925 2067 1020 2104 κατὰ
1054 2066 1277 2114 πρόςωπον,
1306 2066 1347 2103 ἐν
1377 2065 1413 2110 γ’
1439 2064 1568 2112 ὁράςει

202 2130 262 2166 καὶ
293 2128 457 2176 ὀνείρατι
488 2130 547 2167 καὶ
579 2129 783 2179 κατόπτρῳ
817 2129 876 2167 καὶ
910 2128 1107 2178 αἰνίγματι,
1137 2127 1192 2168 ὅτι
1221 2128 1243 2167 ὁ
1277 2129 1395 2173 λόγος
1427 2130 1487 2167 καὶ
1523 2125 1569 2167 τὸ

202 2192 352 2236 πνεῦμα
381 2190 411 2228 εἰ
446 2193 493 2237 μὴ
523 2194 762 2239 φανταςτικῷ
797 2190 885 2228 εἴδει
920 2189 1077 2237 ὁρᾶςθαι
1112 2191 1159 2228 οὐ
1195 2190 1351 2228 δύναται
1384 2212 1437 2217 -
1471 2190 1568 2235 πρό-

203 2264 332 2291 ςωπον
362 2254 405 2291 δὲ
434 2253 576 2291 ἑαυτοῦ
605 2253 701 2298 λέγει
723 2253 792 2290 τὸν
816 2253 961 2299 πατέρα
984 2252 1174 2299 ἀόρατον;
1203 2252 1257 2290 τίς
1279 2252 1352 2298 γὰρ
1376 2251 1398 2288 ὁ
1422 2252 1566 2299 πατήρ;

203 2313 263 2360 ἆρ’
285 2314 331 2350 οὐ
360 2314 575 2360 πρόςωπον
605 2314 704 2352 ἔςται
731 2316 803 2351 τοῦ
833 2314 918 2351 υἱοῦ
939 2314 1033 2351 κατὰ
1060 2315 1104 2351 τὸ
1134 2313 1290 2362 ἀξίωμα,
1324 2314 1346 2351 ὃ
1375 2315 1567 2360 γεννηθεὶς

313 2404 338 2446 ²)
354 2404 512 2445 ‘habent’,
529 2404 619 2446 quod
635 2414 696 2446 pro
712 2404 837 2437 ‘habet’
849 2404 885 2437 in
902 2406 1097 2438 contextum
1113 2404 1283 2437 invasisse
1298 2404 1442 2445 videtur,
1455 2405 1568 2438 ‘nunc'

203 2456 444 2488 coniunctione
474 2458 702 2497 permutatum
731 2459 792 2488 est.
832 2455 880 2488 Cf.
906 2456 1029 2489 Catulli
1053 2456 1136 2487 LXII
1160 2455 1209 2497 13,
1240 2465 1306 2497 quo
1329 2456 1404 2488 loco
1429 2456 1455 2488 Ο
1478 2456 1567 2488 ‘hfic’

202 2507 344 2549 praebet
366 2516 427 2548 pro
451 2507 599 2540 ‘habent’
623 2507 706 2549 (bnt,
730 2507 780 2549 G).
