1779 2958
246 180 472 224 Quaestiones
484 178 732 212 Tertullianeae
745 177 790 212 ad
802 178 925 211 librum
936 178 1107 212 Adversus
1120 178 1274 212 Praxean
1289 179 1503 222 pertinentes.
1551 177 1600 215 29

246 282 505 322 demonstrem
515 283 554 331 ι).
583 280 861 332 Exemplorum
884 281 986 319 enim
1007 281 1136 320 omnia
1154 281 1278 332 plena,
1303 281 1351 320 cf.
1367 294 1398 321 e.
1412 295 1446 333 g.
1462 283 1601 333 locum,

246 358 361 395 quem
387 344 517 383 laudat
539 345 781 393 Brugschius
803 343 898 391 (Rel.
911 355 948 381 u.
964 343 1124 392 Mythol.
1141 343 1175 381 d.
1191 344 1253 381 alt.
1269 345 1469 393 Aegypter
1486 346 1600 393 427):

249 406 364 444 «dein
382 405 570 443 Auswurf
592 404 699 442 ward
723 404 790 454 (du
815 405 901 442 hast
923 405 1012 443 dich
1033 405 1311 454 ausgeworfen,
1330 409 1602 455 ausgegossen)

243 480 332 507 zum
352 467 464 506 Gotte
484 467 589 506 Schu
610 467 693 506 und
716 466 804 506 dein
824 468 987 518 Ausguss
1007 467 1168 518 (Erguss)
1186 480 1258 505 zur
1275 467 1407 505 thtin
1426 467 1601 506 Tafnut».

243 530 320 567 Per
348 529 626 566 emanationem
657 526 875 576 (ἀπορροήν
904 530 965 567 vel
993 527 1208 576 προβολήν)
1236 540 1287 566 ex
1315 528 1398 566 deis
1428 528 1491 565 dei
1517 541 1602 566 nas-

242 592 395 640 cuntur,
424 589 532 628 velut
559 590 689 638 Atum,
719 589 789 639 qui
816 590 898 640 ipse
928 591 986 629 est
1013 590 1080 640 Re,
1110 601 1160 629 ex
1183 601 1224 629 se
1248 589 1452 640 ‘producit'
1476 588 1603 640 Ogdo-

243 653 315 691 ada
334 652 505 700 deorum,
524 652 622 689 Thot
639 652 787 701 profert
805 664 855 690 ex
875 665 917 690 se
937 655 1119 701 quattuor
1138 653 1239 701 deOS,
1260 653 1328 701 qui
1348 652 1421 701 ipsi
1436 653 1477 689 in
1493 656 1603 700 quat-

241 716 331 753 tuor
359 714 521 752 deorum
545 714 651 764 paria
674 713 827 762 abe'unt3
857 714 914 753 Re
938 714 1079 753 emittit
1101 713 1206 753 Schu
1230 715 1269 752 et
1289 713 1436 762 Tefnet3
1468 726 1601 753 omnes

241 780 371 816 tamen
400 790 489 815 cum
517 778 639 827 primo
669 777 735 815 illo
766 779 837 816 deo
867 790 989 815 unum
1012 777 1199 816 efficiunt.
1241 777 1393 827 Optime
1416 778 1490 815 hoc
1511 778 1600 815 illu-

240 841 385 877 stratur
412 838 663 888 inscriptione
688 838 854 888 quadam
883 851 904 875 a
928 839 1010 875 viro
1034 837 1255 875 doctissimo
1279 837 1456 887 Maspero
1475 849 1601 887 nuper

242 901 344 941 edita
371 901 545 950 (Recueil
575 901 642 939 des
670 903 834 939 travaux
863 900 1009 939 relatifs
1044 903 1066 938 a
1094 900 1130 938 la
1158 900 1365 950 philologie
1402 902 1441 939 et
1468 904 1491 938 a
1513 901 1600 939 l'ar-

241 964 438 1012 cheologie
462 963 714 1012 egyptiennes
737 964 777 1000 et
795 963 1040 1011 assyriennes
1060 961 1201 998 XXIII
1224 962 1324 1011 196),
1349 962 1460 999 cuius
1481 963 1599 1000 verba

241 1025 299 1063 sic
327 1025 391 1062 1116
419 1024 552 1062 vertit:
589 1024 638 1072 ‘J'e
668 1024 748 1060 suis
783 1035 836 1061 un
871 1023 938 1072 qui
973 1022 1130 1060 devient
1158 1022 1273 1071 deuX,
1306 1023 1344 1071 je
1378 1023 1459 1060 suis
1494 1023 1598 1061 deux

242 1086 308 1136 qui
339 1085 495 1124 devient
524 1089 668 1134 quatre,
695 1086 733 1134 J'e
762 1085 844 1123 suis
874 1088 1008 1134 quatre
1038 1085 1107 1133 qui
1136 1084 1293 1122 devient
1321 1085 1421 1133 huit,
1448 1086 1486 1134 je
1515 1086 1597 1124 suis

240 1160 295 1186 un
311 1151 421 1197 apres
438 1147 657 1193 celui-1⁵:1²2).
685 1147 793 1184 Tales
818 1147 1059 1184 diversarum
1077 1146 1237 1184 fortasse
1257 1147 1486 1195 religionum
1508 1147 1598 1185 doc-

239 1210 359 1248 trinas
383 1209 556 1248 Gnostici
581 1209 638 1247 1111
661 1208 963 1257 aemulabantur,
993 1207 1221 1247 excolebant
1242 1209 1369 1246 autem
1393 1220 1457 1246 eas
1480 1208 1597 1248 Grae-

239 1284 371 1317 corum
395 1271 563 1308 maxime
587 1270 800 1308 doctrinam
824 1272 959 1308 secuti.
998 1270 1096 1307 Nam
1120 1270 1187 1318 qui
1211 1282 1256 1307 ea
1279 1271 1401 1307 aetate
1424 1271 1596 1308 Platonis

239 1334 366 1371 sectae
396 1332 664 1381 adhaerebant,
694 1333 766 1370 etsi
794 1344 918 1370 unum
946 1332 1062 1370 deum
1090 1331 1387 1382 proclamabant,
1417 1334 1546 1371 tamen
1576 1346 1597 1371 a

236 1396 390 1433 Timaeo
410 1395 582 1444 magistri
602 1394 663 1431 sui
682 1395 846 1444 profecti
865 1396 907 1431 in
926 1395 1010 1444 ipsa
1029 1394 1177 1432 unitate
1196 1394 1483 1432 multitudinem
1503 1407 1597 1444 quo-

241 1456 442 1495 dammodo
473 1456 769 1504 constituebant,
799 1456 905 1494 velut
932 1456 1147 1494 Hermetici
1180 1457 1364 1494 tractatus
1400 1456 1596 1494 undecimi

238 1521 286 1569 (p.
304 1520 353 1557 85
377 1518 568 1567 Parthey)'
589 1519 733 1567 auctor,
763 1518 829 1567 qui
859 1516 951 1554 θεὸν
970 1515 1094 1553 αἰῶνα
1120 1515 1263 1562 κόεμον
1282 1515 1426 1562 χρόνον
1451 1517 1596 1561 γὲνεειν

238 1580 349 1630 quasi
371 1591 554 1630 personas
583 1580 813 1618 introducit:
845 1578 867 1616 6
894 1578 984 1616 θεὸς
1011 1578 1135 1616 αἰῶνα
1160 1579 1274 1623 ποιεῖ,
1302 1577 1325 1615 ὁ
1352 1578 1448 1616 αἰὼν
1468 1579 1511 1616 δὲ
1527 1579 1596 1617 τὸν

237 1640 391 1686 κόεμον7
419 1640 441 1676 ὁ
467 1640 608 1686 κόεμοε
635 1641 678 1677 δὲ
694 1640 763 1677 τὸν
781 1640 937 1686 χρόνον,
971 1640 993 1676 6
1019 1640 1161 1686 χρόνοε
1180 1640 1223 1676 δὲ
1240 1641 1310 1685 τὴν
1327 1641 1472 1684 γὲνεειν
1492 1668 1499 1674 .
1519 1670 1526 1677 .
1546 1670 1553 1677 .
1573 1641 1596 1677 6

238 1698 310 1736 οὖν
329 1698 425 1736 αἰὼν
444 1698 485 1736 ἐν
502 1701 557 1748 τῷ
577 1701 666 1749 θεῷ,
685 1698 707 1736 6
727 1699 770 1736 δὲ
788 1698 928 1746 κόεμοε
946 1699 987 1736 ἑν
1005 1700 1060 1748 τῷ
1081 1697 1201 1743 αἰῶνι,
1220 1697 1242 1736 ὁ
1261 1699 1305 1736 δὲ
1322 1698 1464 1746 χρόνος
1482 1699 1523 1737 ἐν
1540 1701 1594 1749 τῷ

237 1758 378 1807 κόεμῳ,
397 1759 419 1804 ἡ
441 1759 484 1795 δὲ
499 1759 642 1803 γὲνεειε
660 1758 701 1796 ἐν
715 1761 769 1808 τῷ
784 1759 915 1807 χρόνῳ
932 1788 939 1794 .
954 1787 963 1795 .
978 1788 985 1795 .
1000 1759 1100 1804 πηγὴ
1118 1759 1185 1804 μὲν
1200 1758 1272 1795 οὖν
1285 1759 1442 1796 πάντων
1457 1758 1479 1796 ὁ
1494 1759 1593 1801 θεός,

237 1816 346 1854 οὐεία
365 1818 408 1853 δὲ
426 1817 448 1853 ὁ
468 1817 576 1860 αἰών,
594 1815 667 1862 ὕλη
687 1818 730 1853 δὲ
749 1816 771 1853 ὁ
790 1817 930 1863 κόεμοε
949 1818 1039 1861 κτλ.,
1063 1819 1110 1856 cf.
1127 1831 1161 1868 p.
1176 1820 1226 1856 94
1247 1817 1320 1854 ἔετι
1337 1817 1468 1854 τοίνυν
1482 1817 1595 1854 εἰκὼν

234 1880 305 1916 τοῦ
324 1880 417 1916 θεοῦ
436 1878 458 1915 6
478 1878 585 1925 αἰών,
603 1880 673 1916 τοῦ
693 1879 736 1916 δὲ
754 1878 897 1916 αἰῶνος
916 1878 938 1916 6
957 1879 1108 1925 κὸεμοε,
1124 1879 1195 1915 τοῦ
1214 1879 1258 1915 δὲ
1275 1878 1417 1924 κόεμου
1436 1877 1459 1915 6
1473 1878 1592 1925 ἥλιος,

235 1938 274 1975 et
288 1938 415 1975 tamen
431 1937 640 1986 proclamat
654 1934 708 1972 εἷς
727 1935 749 1971 ὁ
768 1935 857 1972 Θεό(
870 1938 917 1986 (p.
927 1938 1002 1985 92).
1026 1936 1102 1974 Sed
1117 1937 1212 1973 haec
1227 1935 1462 1973 doctioribus
1477 1947 1594 1985 expo-

235 1998 362 2036 nenda
376 1998 643 2048 relinquimus,
659 1998 770 2036 nobis
783 1999 876 2036 satis
889 1998 948 2048 sit,
961 1998 992 2036 si
1006 2010 1129 2036 unum
1142 2009 1307 2047 eumque
1319 1998 1590 2048 gravissimum

234 2059 459 2098 Tertulliani
483 2061 609 2098 locum
637 2064 742 2098 recte
767 2061 982 2110 explicasse
1013 2064 1051 2099 et
1079 2060 1340 2099 emendavisse
1363 2060 1593 2098 videbimur.

348 2143 369 2184 ¹)
390 2142 477 2175 Usus
495 2152 570 2174 sum
585 2142 639 2175 his
655 2143 767 2175 libris:
783 2142 1091 2183 Reitzenstein,
1107 2142 1198 2174 Zwei
1215 2143 1306 2184 relig.
1323 2142 1434 2184 gesch.
1452 2143 1591 2185 Fragen,

235 2195 338 2234 1901;
368 2194 432 2234 id.,
456 2194 691 2233 Poimandres,
717 2194 817 2233 1904;
847 2193 1085 2234 Diimichen,
1115 2194 1232 2226 Gesch.
1255 2195 1286 2226 d.
1308 2195 1364 2226 alt.
1387 2195 1465 2235 Aeg.
1490 2195 1592 2234 1879;

233 2245 395 2285 Erman,
418 2245 600 2286 Aegypten,
619 2244 720 2283 1885;
744 2244 809 2284 id.,
832 2244 893 2276 Die
916 2246 967 2285 ag.
983 2244 1148 2285 Religion,
1173 2245 1275 2284 1905;
1299 2245 1496 2286 Brugsch,
1520 2246 1592 2278 Rel.

233 2307 266 2330 u.
282 2298 420 2339 Mythol.
438 2297 468 2329 d.
485 2307 515 2329 a.
532 2298 610 2339 Aeg.
627 2298 657 2329 2.
674 2297 763 2337 voll.,
782 2296 875 2336 1885,
899 2296 964 2336 id.,
987 2296 1049 2328 Die
1064 2296 1315 2337 Aegyptologic,
1333 2296 1426 2328 1891.
1450 2297 1592 2336 Ebers,

234 2348 293 2380 Die
322 2349 529 2389 K6rperteile
557 2348 603 2380 im
631 2348 798 2389 Alliigypt.
828 2348 864 2379 in
886 2348 970 2379 Abh.
993 2347 1024 2380 d.
1046 2348 1139 2389 hayr.
1162 2348 1234 2385 Ak.‚
1263 2348 1517 2389 philos.·philol.
1543 2349 1592 2380 Kl.

236 2399 330 2440 1901,
354 2400 420 2432 vol.
436 2399 518 2432 XXI.

343 2451 369 2493 ²)
392 2451 474 2484 Aliis
498 2451 583 2484 locis
606 2450 724 2492 reliqui
748 2450 803 2483 dei
826 2450 880 2482 vel
897 2449 1032 2496 Ogdoas
1048 2450 1123 2492 ipsa
1139 2452 1292 2484 membra
1307 2451 1430 2493 prioris
1446 2452 1500 2484 dei
1523 2452 1593 2484 effi-

235 2503 337 2542 ciunt,
362 2504 400 2535 cf.
417 2503 677 2535 Reitzensteinii
700 2502 895 2535 Poimandri
918 2503 960 2534 62
972 2512 1043 2543 sqq.
1068 2540 1071 2543 Δ
