1779 2958
222 206 450 248 Quaestiones
461 204 710 237 Tertullianeae
725 204 770 237 ad
783 204 908 237 librum
921 203 1092 236 Adversus
1103 204 1260 236 Praxean
1271 204 1488 244 pertinentes.
1529 201 1579 238 37

223 309 267 347 ἐκ
280 310 350 347 τοῦ
366 307 510 353 πατρὸς
525 306 681 353 ἔλαβενς
702 307 724 353 ἢ
741 306 788 343 οὐ
802 306 889 352 περὶ
904 305 1141 351 οἱουδήτινος
1157 306 1328 351 μείζονος
1344 305 1423 343 κατ’
1437 306 1582 353 ἀξίωμα

224 371 299 409 ἔςτι
321 370 441 414 λέγειν
454 380 462 388 ·
482 367 706 414 ’πρόςωπόν
730 379 803 414 μου
827 367 969 405 ἐκεῖνος
995 366 1016 404 ὁ
1042 365 1250 413 ἄνθρωπός
1271 366 1381 405 ἑςτιν’
1401 368 1460 404 καὶ
1479 368 1583 414 ’πρό-

224 430 357 470 ςωπόν
383 442 447 476 μοι
471 429 654 476 παρὲχει’;
683 428 705 465 ὁ
731 429 888 477 πατήρ,
912 429 1003 475 φηςί
1024 427 1107 476 (Ev.
1128 427 1208 466 Ioh.
1229 428 1392 477 XIst),
1417 429 1583 475 μείζων

225 504 309 539 μου
331 491 456 528 ἐςτιν.
486 489 547 537 ἆρ’
561 489 608 528 οὐ
627 490 837 536 πρόςωπον
857 489 956 528 {crat
973 489 1057 527 υἱοῦ
1075 489 1097 526 ὁ
1112 491 1257 537 πατήρ;
1277 492 1310 529 τί
1324 491 1395 537 γὰρ
1411 491 1511 534 λέγει
1525 491 1585 527 καὶ

226 555 248 601 ἡ
271 554 421 600 γραφής
450 553 666 598 πνεύματος
696 552 817 590 αὐτοῦ
847 553 1061 599 πρόςωπον
1083 548 1237 599 Χριςτὸς
1263 553 1402 598 κύριος.
1441 552 1586 590 Ultima

226 614 344 653 verba
362 614 416 651 ita
436 615 478 651 ut
492 612 766 662 Kroymannus
787 625 835 658 ea>
851 614 1059 663 constituit,
1081 614 1189 652 verti.
1214 613 1291 652 Sed
1309 625 1437 663 neque
1452 614 1587 652 sensui

225 677 284 715 sic
317 675 488 713 satisfeci
521 687 650 725 neque
684 676 768 714 loco
803 676 1137 714 Lamentationum
1166 675 1238 714 Ier.
1258 675 1315 713 IV
1328 690 1374 725 20,
1408 675 1477 713 ubi
1510 676 1586 712 tra-

225 738 348 776 ditur:
368 737 527 782 Πνεῡμα
544 738 755 783 προςώπου
774 738 882 784 ἡμῶν
903 736 1055 785 Χριςτὸς
1078 738 1225 784 Κύριος’
1238 739 1275 786 ¹).
1298 737 1425 775 Deum
1444 737 1585 775 faciem

226 810 312 838 esse
333 798 446 846 filii2)
475 809 524 836 ex
547 799 626 835 toto
649 800 780 836 nostro
809 799 933 849 capite
961 802 1136 850 apparet:
1162 798 1470 849 (25017-2012)
1493 800 1585 836 ‘non

225 864 335 910 potes
363 859 505 908 videre,
534 859 670 908 inquit,
704 859 841 898 faciem
870 873 1014 909 meam3
1049 875 1126 900 non
1163 862 1268 900 enim
1295 861 1443 900 videbit
1470 862 1584 899 homo

226 923 366 960 faciem
404 933 529 959 meam
563 922 601 958 et
633 921 738 959 vivet
757 952 765 959 .
785 952 793 960 .
814 922 852 969 ‚³3
890 924 963 962 hoc
997 925 1031 962 si
1063 924 1172 961 filius
1206 923 1315 971 dicit,
1353 923 1421 972 qui
1454 927 1586 960 tamen

227 983 442 1028 videbatur,
476 994 553 1020 non
588 984 759 1033 corporis
792 986 853 1022 sui
887 987 1038 1036 proprie
1073 986 1214 1024 faciem
1243 985 1347 1035 dicit,
1382 984 1450 1023 sed
1479 984 1585 1031 aliud

229 1046 430 1096 quoddam.
473 1045 607 1083 Facies
639 1046 759 1094 igitur
785 1046 861 1083 filii
889 1049 947 1085 est
973 1050 1100 1097 pater:
1136 1049 1180 1084 ut
1208 1047 1254 1085 de
1283 1048 1412 1096 aliqua
1440 1048 1584 1084 maiore

227 1119 390 1158 persona
420 1107 550 1145 dicere
578 1118 803 1156 possumus:
834 1108 965 1146 ‘facies
994 1122 1078 1148 mea
1107 1111 1165 1147 est
1192 1109 1257 1148 ille
1286 1110 1423 1158 homo’,
1454 1109 1508 1146 ita
1537 1108 1584 1146 de

227 1171 350 1219 patre,
388 1169 456 1218 qui
490 1169 611 1206 maior
644 1171 703 1207 est
737 1169 899 1219 Christo,
933 1170 1062 1209 dicere
1096 1183 1320 1220 possumus:
1360 1170 1493 1208 ‘facies
1528 1172 1587 1208 est

227 1230 302 1268 filii
337 1231 474 1280 pater'.
526 1230 636 1277 Quod
678 1232 722 1269 ut
764 1232 1030 1283 confirmetur,
1071 1232 1180 1271 locus
1223 1232 1387 1270 affertur
1422 1231 1586 1270 Lamen-

229 1294 427 1337 tationum.
467 1295 570 1332 Ante
599 1295 726 1332 omnia
753 1294 875 1344 igitur
897 1297 1108 1333 statuamus
1131 1307 1201 1333 suo
1227 1295 1312 1332 iure
1332 1294 1521 1332 Ursinum
1543 1294 1586 1331 in

228 1354 309 1392 fine
333 1354 452 1393 ‘eius
479 1356 619 1393 faciem
647 1366 754 1393 suam
776 1386 783 1393 .
804 1385 811 1394 .
833 1386 841 1393 .
864 1357 1139 1406 pronuntiavit'
1164 1357 1374 1394 mutavisse
1403 1356 1443 1393 in
1467 1357 1586 1394 ‘eum

228 1417 366 1456 faciem
396 1430 504 1457 suam
525 1450 532 1457 .
555 1449 562 1457 .
583 1449 591 1457 .
614 1418 901 1469 pronuntiavit’.
937 1419 1025 1457 Non
1048 1419 1110 1468 agi
1133 1418 1181 1457 de
1204 1430 1260 1468 eo,
1286 1418 1390 1468 quod
1410 1418 1586 1457 Christus

230 1479 371 1517 faciem
406 1481 478 1518 dei
513 1492 623 1517 suam
651 1481 924 1529 pronuntiavit,
959 1481 1028 1518 sed
1057 1480 1161 1529 quod
1189 1481 1254 1517 ille
1284 1480 1416 1517 deum
1444 1480 1587 1518 faciem

230 1552 341 1580 suam
369 1542 644 1592 pronuntiavit,
674 1553 722 1580 ex
752 1541 940 1590 omnibus
971 1554 1069 1592 quae
1098 1542 1272 1592 exposui,
1301 1542 1395 1580 satis
1418 1546 1585 1592 apparet.

230 1603 473 1652 Kroymanni
502 1606 631 1642 autem
660 1604 902 1641 coniecturas
932 1604 1037 1641 nullo
1066 1604 1179 1641 modo
1208 1605 1384 1653 accipere
1408 1616 1584 1653 possum:

230 1665 277 1702 ‘si
297 1664 474 1704 Christus
496 1677 660 1716 persona
683 1665 833 1715 paterni
855 1665 1013 1715 spiritus
1037 1669 1104 1714 est,
1128 1665 1266 1703 merito
1291 1664 1404 1702 cuius
1427 1665 1587 1715 spiritus

229 1738 392 1776 persona
414 1733 504 1777 erat,
527 1728 569 1766 id
588 1731 647 1767 est
664 1727 792 1777 patris,
817 1728 902 1765 eius
920 1726 1060 1764 faciem
1079 1738 1188 1764 suam
1207 1757 1215 1764 .
1238 1756 1245 1764 .
1266 1757 1274 1764 .
1298 1728 1586 1776 pronuntiavit’.

231 1788 462 1839 Intellegere
498 1802 576 1828 non
613 1800 786 1839 possum,
825 1788 1017 1837 quomodo
1054 1787 1215 1825 alterum
1254 1799 1305 1825 ex
1341 1788 1460 1826 altero
1496 1801 1588 1827 con-

229 1854 434 1900 sequatur:
459 1863 586 1901 neque
610 1852 713 1890 enim
733 1851 853 1889 facies
876 1850 1041 1888 alicuius
1064 1861 1149 1888 mea
1171 1853 1239 1898 est,
1263 1851 1296 1887 si
1319 1851 1404 1888 eius
1426 1851 1587 1900 spiritus

230 1922 396 1960 persona
430 1925 526 1950 sum.
571 1913 707 1961 Neque
741 1913 774 1949 si
809 1912 923 1949 ‘eum’
956 1912 1231 1959 scriberemus,
1268 1923 1331 1949 res
1368 1912 1507 1949 melius
1544 1924 1587 1950 se

230 1973 398 2012 haberet.
441 1974 528 2013 Non
563 1986 722 2025 possum
754 1974 948 2012 hominem
980 1973 1121 2011 faciem
1154 1984 1280 2011 meam
1308 1974 1519 2023 nominare,
1554 1975 1587 2012 si

230 2047 396 2084 persona
425 2037 510 2075 eius
540 2037 698 2086 spiritus
727 2048 821 2074 sum.
860 2035 1039 2084 Intellegi
1067 2035 1140 2073 hoc
1168 2036 1313 2084 nequit,
1342 2047 1470 2084 neque
1493 2037 1588 2085 quid

230 2097 281 2134 sit
322 2108 484 2147 persona
526 2098 753 2148 perspicies,
799 2097 902 2147 quod
944 2099 1047 2135 certe
1076 2108 1160 2135 esse
1203 2096 1319 2135 debet
1360 2097 1585 2144 πρόςωπον.

344 2187 366 2227 ¹)
389 2186 485 2226 Quod
508 2187 552 2219 ad
574 2197 645 2219 rem
662 2187 791 2226 attinet,
815 2195 938 2218 revoco
956 2186 999 2217 ad
1014 2195 1065 2225 ea,
1083 2194 1169 2225 quae
1186 2194 1290 2224 supra
1305 2186 1457 2225 exposui.
1490 2186 1589 2226 Apud

230 2236 406 2269 Philonem
430 2238 533 2276 λόγος
561 2240 613 2270 est
641 2240 775 2277 πνεῦμα
798 2239 895 2278 Θεοῦ,
918 2236 958 2268 cf.
980 2235 1129 2268 Philonis
1152 2235 1199 2268 De
1223 2235 1293 2277 Gig.
1311 2235 1352 2268 19
1373 2246 1444 2278 sqq.
1467 2236 1488 2268 l.
1511 2247 1538 2269 c.
1561 2237 1589 2269 11

229 2287 273 2319 45
286 2298 356 2329 sqq.
380 2313 386 2320 .
405 2313 411 2320 .
430 2314 436 2320 .
461 2289 528 2329 (22)
558 2290 689 2327 λέγεται
712 2290 749 2321 δὲ
772 2291 852 2320 θεοῦ
876 2290 1009 2325 πνεῦμα
1032 2312 1037 2318 .
1058 2313 1063 2318 .
1083 2312 1089 2318 .
1113 2287 1181 2327 (27)
1205 2290 1268 2318 νῦν
1291 2288 1329 2319 δὲ
1351 2289 1392 2319 τὸ
1418 2289 1470 2319 ἐπ’
1493 2289 1587 2328 αὐτῷ

232 2339 367 2378 πνεῦμά
390 2339 456 2371 ἐςτι
470 2340 511 2371 τὸ
528 2340 649 2380 ςοφόν,
671 2341 713 2371 τὸ
730 2341 833 2379 θεῖον,
856 2339 897 2370 τὸ
914 2339 1077 2378 ἄτμητον,
1099 2338 1141 2369 τὸ
1158 2337 1364 2378 ἀδιαίρετον,
1387 2339 1428 2370 τὸ
1445 2340 1588 2380 ἀςτεῑον,

229 2390 271 2421 τὸ
294 2391 405 2432 πάντῃ
430 2391 471 2422 δι’
490 2391 583 2423 ὅλων
606 2390 926 2430 ἐκπεπληρωμένον.
961 2388 1136 2430 Quomodo
1159 2398 1278 2421 omnes
1293 2390 1359 2422 hae
1376 2390 1552 2423 doctrinae
1568 2401 1589 2424 a

230 2441 452 2482 scriptoribus
474 2442 716 2475 ecclesiasticis
739 2443 899 2483 acceptae
923 2441 1000 2482 sint,
1024 2451 1127 2481 supra
1149 2440 1306 2474 vidimus.

340 2493 367 2534 ἰ)
388 2493 513 2526 Vocem
535 2494 637 2527 faciei
660 2494 779 2526 eodem
801 2492 902 2525 modo
925 2495 1123 2534 usurpatam
1147 2492 1237 2533 apud
1261 2492 1460 2526 Ciceronem
1482 2493 1589 2526 habes

230 2543 313 2577 Phil.
327 2545 396 2578 VIII
411 2546 432 2578 8
447 2545 479 2587 (ἓ
495 2546 565 2587 23);
589 2546 739 2578 ‘senatus
763 2544 852 2576 enim
874 2543 997 2577 faciem
1020 2553 1136 2576 secum
1159 2544 1339 2577 attulerat’.
