1779 2958
199 185 424 228 Quaestiones
436 185 685 218 Tertullianeae
697 185 741 218 ad
751 185 874 218 librum
888 185 1062 219 Adversus
1073 186 1229 219 Praxean
1245 187 1461 229 pertinentes.
1507 186 1555 223 27

200 288 270 326 ubi
297 289 367 336 est,
395 287 472 325 duo
500 289 601 337 sunt,
630 289 670 326 et
696 288 834 327 tertius
864 288 931 326 ubi
954 291 1022 338 est,
1051 290 1129 327 tres
1153 291 1253 328 sunt.
1291 291 1428 329 tertius
1456 292 1556 329 enim

201 355 262 389 est
289 349 448 399 spiritus
476 362 500 387 a
526 348 608 388 deo
638 352 683 388 et
703 350 824 398 filio,
853 351 955 389 sicut
976 350 1115 389 tertius
1138 364 1160 389 a
1182 351 1312 390 radice
1335 352 1486 390 fruetus
1510 364 1561 390 ex

201 413 344 451 frutice
373 415 412 450 et
438 412 576 450 tertius
604 425 627 450 a
654 412 761 451 fonte
789 413 897 451 rivus
926 425 978 452 ex
1003 413 1170 452 flumine
1200 417 1239 452 et
1265 415 1403 453 tertius
1433 427 1455 453 a
1478 415 1559 453 sole

202 487 302 526 apex
331 487 381 514 ex
408 474 526 513 radio.
566 475 665 513 nihil
692 479 821 514 tamen
849 489 872 515 a
898 478 979 526 (10)
1007 477 1168 515 matrice
1197 477 1403 526 alienatur,
1434 490 1457 515 a
1485 489 1562 527 qua

201 537 455 588 proprietates
484 549 573 576 suas
602 538 718 577 ducit.
758 539 811 577 ita
839 539 990 578 trinitas
1013 551 1083 589 per
1106 542 1305 577 consertos
1328 541 1367 578 et
1389 551 1561 578 conexos

203 600 346 652 gradus
380 613 402 639 a
429 604 537 651 patre
571 602 783 641 decurrens
817 606 857 641 et
888 601 1135 641 monarchiae
1171 601 1268 638 nihil
1302 601 1491 651 obstrepit
1524 603 1563 640 et

203 663 447 701 oikonomiae
476 665 619 701 statum
646 664 834 713 protegit’.

310 724 393 774 Ego
423 726 535 763 antea
563 725 711 763 offendi
737 726 780 763 in
808 726 957 764 ‘tertius
986 739 1009 763 a
1035 727 1141 764 fonte
1170 725 1277 762 rivus
1306 736 1355 762 ex
1385 725 1560 763 flumine’

203 785 528 837 (239s8-11l5);
554 788 656 837 quod
679 788 840 838 reliquis
862 789 904 825 in
928 788 1118 838 exemplis
1141 798 1211 837 per
1233 798 1274 825 se
1298 787 1427 836 ipsum
1448 787 1562 825 intel-

203 850 355 900 legitur,
377 849 419 887 id
440 855 571 888 nostro
593 851 679 889 loco
704 864 782 889 non
802 853 878 889 tam
900 855 958 890 est
976 852 1236 901 perspicuum.
1267 849 1410 888 Omnes
1431 850 1563 888 dicent

204 923 284 949 non
313 922 363 949 ex
390 912 553 950 flumine
581 913 710 950 rivum
738 913 902 962 prodire,
931 912 1002 950 sed
1030 924 1080 950 ex
1107 912 1192 949 rivo
1221 911 1380 949 flumen.
1415 911 1475 949 Ita
1502 923 1562 950 re-

203 973 366 1011 stituere
393 973 501 1010 volui
530 973 679 1011 ‘tertius
708 985 730 1011 a
756 973 863 1012 fonte
891 974 1041 1012 flumen
1069 984 1119 1011 ex
1142 973 1250 1021 rivo',
1278 972 1347 1011 sed
1375 985 1421 1011 ea
1438 979 1562 1011 muta-

203 1036 309 1073 tione
332 1036 456 1073 totum
478 1036 756 1073 sententiarum
777 1034 952 1073 ordinem
972 1035 1150 1072 delerem.
1178 1035 1413 1083 Repetamus
1431 1038 1563 1073 nostra

205 1096 324 1133 verba
335 1095 694 1144 (238s21—10l22)
705 1095 792 1133 ‘nec
804 1095 1059 1133 dubitaverim
1077 1096 1252 1145 <patris
1272 1096 1563 1145 probolen>¹)

205 1158 333 1195 filium
362 1157 492 1195 dicere
522 1160 560 1195 et
585 1156 728 1194 radicis
758 1158 940 1197 fruticem
974 1160 1012 1196 et
1044 1159 1165 1197 fontis
1199 1159 1366 1196 fluvium
1400 1159 1439 1196 et
1471 1157 1564 1195 solis

205 1218 357 1257 radium
388 1249 422 1257 ..
444 1249 451 1256 .
480 1230 555 1257 nec
581 1218 714 1256 frutex
741 1221 871 1258 tamen
900 1232 923 1258 a
950 1219 1080 1258 radice
1114 1232 1188 1258 nec
1220 1220 1369 1258 fluvius
1403 1231 1425 1257 a
1458 1219 1564 1257 fonte

205 1292 280 1319 nec
307 1280 439 1318 radius
469 1293 491 1318 a
519 1281 598 1319 sole
629 1280 871 1330 discernitur,
900 1282 1002 1319 sicut
1028 1293 1102 1320 nec
1131 1295 1152 1320 a
1181 1282 1252 1320 deo
1276 1280 1426 1319 sermo'.
1466 1280 1565 1317 Con-

205 1342 330 1380 fertur
356 1342 477 1391 igitur
503 1343 612 1391 pater
640 1354 731 1380 011111
757 1342 887 1381 radice
914 1343 1022 1381 fonte
1051 1343 1141 1391 sole,
1171 1343 1277 1381 filius
1308 1354 1396 1380 cum
1424 1341 1564 1379 frutice

205 1403 329 1441 fluvio
352 1403 472 1441 radio.
505 1404 626 1442 Deest
647 1416 754 1441 nunc
777 1404 891 1441 tertia
913 1415 1045 1442 rerum
1064 1406 1196 1453 series,
1220 1404 1453 1453 quibuscum
1474 1414 1565 1441 con-

206 1465 354 1505 feratur
376 1466 533 1516 spiritus
557 1468 723 1516 sanctus,
746 1465 795 1504 de
819 1478 895 1516 quo
919 1467 1047 1516 agitur
1070 1466 1191 1504 infra:
1216 1466 1366 1504 ‘tertius
1387 1466 1489 1504 enim
1509 1468 1567 1503 est

207 1529 366 1577 spiritus
387 1541 408 1566 a
428 1528 511 1566 deo
532 1532 576 1566 et
594 1529 715 1577 filio,
736 1528 839 1566 sicut
857 1529 994 1566 tertius
1014 1541 1037 1566 a
1049 1527 1180 1566 radice
1194 1528 1345 1566 fructus
1360 1539 1410 1565 ex
1425 1527 1566 1565 frutice

208 1591 247 1627 et
268 1590 405 1627 tertius
427 1601 450 1627 a
470 1589 578 1627 fonte
600 1590 709 1627 rivus
733 1601 784 1627 ex
805 1590 970 1629 flumine
981 1592 1011 1639 ²)
1035 1593 1074 1629 et
1095 1591 1231 1628 tertius
1255 1603 1277 1628 a
1296 1590 1378 1627 sole
1395 1600 1495 1638 apex
1514 1599 1565 1626 ex

208 1650 340 1689 radio’.
385 1651 440 1689 Ut
460 1651 582 1701 igitur
599 1654 708 1701 pater
726 1663 815 1690 011111
834 1653 978 1702 primis,
1001 1651 1131 1690 radice
1150 1652 1256 1690 fonte
1275 1651 1366 1699 sole,
1395 1654 1440 1688 ut
1458 1650 1565 1687 filius

209 1725 299 1751 cum
323 1713 471 1761 mediis,
494 1713 636 1751 frutice
659 1713 822 1751 flumine
844 1714 963 1762 radio⁷
991 1714 1046 1751 ita
1067 1714 1225 1763 spiritus
1249 1713 1446 1751 confertur
1476 1723 1565 1750 cum

207 1775 365 1823 ultimis,
388 1774 520 1812 fructu
538 1775 623 1812 rivo
644 1776 763 1824 apice.
802 1774 910 1813 Ferri
930 1776 1005 1813 iam
1025 1786 1104 1812 non
1128 1776 1255 1823 potest
1279 1773 1375 1810 illud
1394 1773 1565 1822 ‘spiritus

207 1848 230 1873 a
245 1835 316 1874 deo
333 1836 376 1873 et
389 1835 496 1884 filio',
516 1847 606 1873 011111
626 1836 764 1873 ceteris
783 1835 879 1873 locis
892 1836 969 1874 ‘ex'
987 1837 1172 1885 scriptum
1188 1835 1373 1884 legamus.
1403 1834 1566 1872 Minime

208 1909 231 1935 a
249 1896 380 1935 radice
400 1898 439 1935 et
455 1896 597 1934 frutice
616 1897 767 1935 fructus
787 1897 930 1947 prodiit
947 1900 1015 1935 aut
1028 1909 1051 1935 a
1065 1897 1146 1935 sole
1166 1899 1204 1934 et
1221 1896 1330 1934 radio
1350 1907 1460 1946 apex.
1490 1895 1565 1934 Sed

208 1972 299 1999 cum
326 1961 440 1998 antea
468 1959 614 1999 dixerit¹
637 1958 838 2005 προβολήν
872 1970 957 1998 esse
984 1958 1103 2008 patris
1125 1958 1263 2007 filium,
1286 1958 1364 1996 iam
1386 1958 1567 2007 spiritum

207 2020 408 2067 προβολήν
431 2022 527 2060 fecit
553 2022 670 2059 11111113
695 2021 780 2059 filii.
824 2021 963 2059 Verbis
989 2020 1031 2057 ‘a
1057 2020 1139 2058 deo
1173 2032 1229 2058 ex
1256 2020 1379 2057 filio'
1407 2020 1567 2058 minime

210 2083 433 2132 obloquitur
458 2083 566 2132 prior
591 2082 656 2120 ille
684 2082 794 2120 locus
817 2083 862 2130 (0.
878 2082 936 2119 [V
956 2080 1256 2130 23215-5110),
1285 2081 1353 2119 11111
1375 2081 1565 2131 legimus:

209 2144 319 2194 ‘quia
359 2144 536 2194 spiritum
574 2156 654 2181 non
692 2142 848 2181 aliunde
889 2142 1084 2192 <de>puto
1125 2154 1242 2191 quam
1280 2154 1303 2180 a
1340 2146 1449 2192 patre
1488 2154 1569 2192 per

207 2206 402 2253 filium’3
441 2206 497 2243 310
532 2205 704 2244 fructum
741 2205 856 2243 etiam
891 2217 911 2242 a
946 2203 1075 2242 radice
1111 2215 1181 2254 per
1214 2204 1397 2242 fruticem
1432 2204 1568 2243 venire

321 2295 346 2337 ¹)
369 2296 406 2326 In
434 2294 589 2327 codicum
617 2293 763 2326 lectione
791 2292 919 2334 aliquid
947 2292 1068 2324 deesse
1096 2292 1180 2325 satis
1204 2293 1354 2333 apparet.
1389 2292 1474 2325 Cum
1497 2295 1569 2325 toto

209 2346 275 2379 11οο
298 2346 409 2388 capite
432 2345 474 2378 de
497 2345 635 2387 probole
659 2346 788 2387 agatur,
811 2344 906 2377 illam
928 2343 976 2376 ibi
999 2343 1155 2376 desidero
1177 2353 1308 2377 vocem.

320 2398 345 2439 ²)
365 2397 507 2429 Flumen
534 2406 604 2429 non
632 2396 799 2438 significat
825 2395 872 2427 ibi
894 2395 1014 2434 Strom,
1037 2394 1098 2427 sed
1119 2395 1181 2426 das
1203 2394 1397 2436 inessmze.
1431 2395 1569 2428 Auctori

210 2451 344 2488 nostro,
376 2447 433 2490 qui
461 2447 531 2481 iam
559 2446 655 2489 239s2
677 2445 802 2489 (10!30)
825 2445 972 2479 ‘flumen’
994 2445 1144 2487 praebet,
1176 2445 1334 2479 flumen
1357 2448 1390 2479 et
1417 2446 1570 2479 fluvius

212 2499 357 2532 eandem
378 2499 507 2531 habent
528 2498 719 2538 notionem;
746 2507 815 2530 vox
835 2497 939 2537 fluvii,
968 2497 1048 2537 quia
1070 2499 1202 2529 mature
1231 2497 1422 2537 interierat,
1450 2500 1571 2538 postea

210 2550 255 2582 ab
278 2549 473 2582 auctoribus
496 2549 608 2582 denuo
630 2551 792 2591 usurpata
815 2551 866 2581 est
889 2548 1008 2581 eadem
1030 2548 1278 2590 significatione
1301 2558 1344 2581 ac
1358 2549 1493 2582 flumen.
