1779 2958
240 186 466 229 Quaestiones
484 186 732 221 Tertullianeae
753 187 797 220 ad
813 187 936 221 librum
951 187 1123 221 Adversus
1138 187 1295 220 Praxean
1315 187 1533 229 pertinentes.
1576 185 1598 222 9

239 290 318 327 iam
346 289 445 326 dixit
467 289 750 339 Kroymannus,
779 290 848 329 sed
877 291 934 328 ‘et
961 292 1016 328 ita
1043 290 1090 328 ab
1119 291 1204 340 ipso
1233 290 1325 328 alia’
1355 290 1402 327 ad
1431 294 1600 328 nostram

239 351 446 390 lectionem
475 351 590 390 ‘ratio
617 353 719 391 intra
747 354 873 403 ipsum
901 353 1027 403 prius'
1058 365 1135 391 non
1164 353 1240 390 iam
1270 352 1442 401 quadrat.
1485 352 1600 390 Prae-

240 415 347 451 terea
383 414 500 462 ‘quae
537 414 653 452 ratio’
695 416 845 453 rectum
883 427 968 454 esse
1002 416 1097 453 mihi
1133 427 1211 453 non
1250 414 1424 461 videtur3
1467 414 1600 451 nescio

242 475 336 525 quid
363 474 461 513 illud
490 475 624 525 ‘quae’
653 476 726 514 sibi
749 477 858 525 velit3
889 481 994 516 certo
1018 476 1335 527 coniungendum
1358 478 1434 515 est:
1466 476 1526 513 ‘et
1548 476 1600 513 ita

240 538 289 575 in
311 537 393 587 ipso
418 538 555 586 omnia,
585 538 692 587 quia
713 539 811 577 ratio
834 550 972 577 sensus
995 540 1119 589 ipsius
1143 539 1223 577 est.'
1260 539 1403 588 Agitur
1425 538 1530 576 enim
1553 536 1601 575 de

242 602 299 648 νῷ
321 595 455 637 ἑαυτὸν
474 602 642 647 νοοῦντι,
669 603 714 637 111
736 602 972 638 recentiores
998 601 1185 639 dixerunt
1204 601 1472 650 Neoplatonici
1493 600 1601 637 velut

241 659 637 708 Pseudoiamblichus‚
658 661 724 708 qui
744 660 792 698 de
807 661 922 709 Myst.
933 662 1029 699 VIII
1042 663 1064 699 3
1081 662 1191 699 illum
1206 661 1520 711 antiquissimum
1535 660 1601 698 de-

241 734 354 761 orum
372 722 440 771 qui
455 721 601 771 Omeph
620 722 760 772 audiat,
779 724 983 773 Aegyptiis
1003 735 1088 762 esse
1109 724 1213 762 dicit.
1241 723 1305 762 Ad
1331 725 1461 762 nostra
1480 722 1600 761 verba

240 784 357 821 velim
372 783 548 821 conferas
559 782 759 823 2351‘8—‘l
765 784 833 825 128
843 797 850 822 ι
871 785 1010 834 ‘ipsum
1023 785 1191 834 primum
1199 785 1360 835 protulit
1371 796 1599 833 sermonem,

242 845 447 883 habentem
467 845 508 882 in
524 856 565 883 se
580 844 801 883 individuas
816 857 906 884 suas
927 850 949 893 <
963 847 1097 896 socias,
1112 851 1135 894 >
1155 848 1342 885 rationem
1359 850 1400 885 et
1414 847 1598 896 sophiam,

242 909 288 944 ut
305 918 376 957 per
397 908 525 956 ipsum
547 907 689 944 fierent
715 907 905 956 universa,
935 920 1003 957 per
1023 920 1137 957 quem
1167 912 1274 946 erant
1297 909 1463 958 cogitata
1485 911 1600 957 atque

242 968 436 1016 disposita,
465 968 582 1004 immo
607 970 646 1004 et
666 968 768 1005 facta
791 968 879 1016 iam,
909 970 1131 1016 quantum
1160 970 1207 1005 in
1235 969 1308 1006 dei
1337 970 1506 1006 sensu'.
1537 969 1599 1005 Ad

239 1029 302 1067 ‘et
336 1029 391 1066 ita
425 1029 466 1065 in
506 1029 590 1078 ipso
631 1030 777 1066 omnia’
818 1030 865 1067 cf.
906 1041 1022 1079 supra
1050 1030 1150 1079 ‘ipse
1185 1030 1260 1067 sibi
1294 1033 1333 1068 et
1365 1030 1534 1067 mundus
1562 1032 1601 1068 et

241 1091 351 1129 locus
392 1093 432 1128 et
470 1090 628 1139 omnia'‚
669 1090 873 1140 Hippolyti
914 1092 975 1129 Εἰ(
1013 1094 1082 1138 τήν
1124 1093 1268 1138 αἵρεειν
1308 1093 1459 1138 Νοήτου
1495 1091 1598 1129 τινός

243 1152 390 1202 (Μ18116
413 1153 473 1201 10,
488 1168 538 1191 817
552 1152 618 1201 B):
648 1154 781 1192 Πάντα
805 1156 848 1192 δὲ
871 1154 918 1201 ἦν
942 1155 984 1192 ἑν
1008 1154 1122 1203 αὐτῷ,
1151 1154 1267 1192 αὐτὸ(
1298 1156 1341 1191 δὲ
1367 1153 1413 1200 ἦν
1442 1155 1486 1191 τὸ
1513 1155 1599 1191 πᾶν.

350 1215 466 1253 Nunc
485 1214 533 1252 ad
552 1215 752 1264 sequentia
769 1215 900 1254 verba:
923 1217 1023 1255 hanc
1042 1216 1230 1255 rationem
1252 1216 1389 1255 Graeci
1410 1216 1602 1266 appellant

242 1278 372 1325 λόγον,
402 1289 501 1325 quae
529 1289 607 1314 vox
636 1277 738 1326 apud
766 1278 923 1316 Latinos
953 1279 1068 1316 etiam
1096 1278 1258 1316 verbum
1286 1290 1356 1316 seu
1384 1289 1600 1315 sermonem

241 1339 448 1388 significat,
463 1350 581 1387 quare
593 1339 848 1388 simplicitatis
861 1351 979 1378 causa
990 1351 1209 1378 sermonem
1223 1340 1265 1376 in
1279 1337 1488 1388 primordio
1500 1338 1602 1388 apud

244 1401 361 1439 deum
372 1401 495 1439 fuisse
508 1401 566 1437 illi
578 1401 834 1450 dicunt,‘cum
848 1403 983 1451 magis’
995 1401 1144 1451 (p.5l17
1159 1401 1260 1450 apud
1276 1412 1363 1448 n0s3
1381 1412 1525 1448 sequor
1540 1412 1602 1437 co-

243 1462 365 1511 dices)
380 1462 582 1500 ‘rationem
599 1465 791 1512 competat
809 1463 1066 1512 antiquiorem
1086 1462 1230 1510 haberi,
1251 1462 1343 1510 quia
1361 1473 1441 1499 non
1459 1472 1603 1499 sermo-

241 1524 341 1562 nalis
360 1536 383 1561 a
401 1523 600 1574 principio,
621 1524 689 1563 sed
708 1524 905 1562 rationalis
926 1524 1022 1562 deus
1042 1524 1158 1562 etiam
1178 1526 1266 1561 ante
1280 1522 1539 1573 principium.
1557 1553 1564 1560 .
1581 1523 1602 1560 .'

242 1585 517 1634 Kroymannus
555 1586 672 1623 verba
708 1586 979 1635 ‘antiquiorem
1017 1585 1161 1624 haberi'
1197 1584 1529 1633 (233s16—6l18)
1566 1588 1604 1623 et

242 1646 371 1685 ‘etiam
388 1648 476 1685 ante
491 1647 739 1697 principium'
751 1649 799 1697 (v,
810 1648 903 1697 seq.)
916 1648 1076 1686 seclusit
1090 1648 1162 1685 hac
1178 1647 1435 1697 explicatione
1451 1646 1600 1684 addita:

247 1708 366 1746 «Hier
390 1708 477 1746 sind
497 1709 559 1747 die
573 1709 708 1747 Worte
727 1709 999 1758 ‘antiquiorem
1018 1708 1166 1747 haberi'
1185 1709 1272 1746 eine
1296 1708 1602 1757 handgreifliche

242 1770 529 1818 Interpolation.
575 1770 691 1807 Denn
718 1771 818 1808 nach
848 1771 935 1808 dem
965 1771 1090 1809 Satze:
1127 1771 1228 1808 ‘und
1256 1770 1391 1808 darum
1420 1770 1486 1807 hat
1514 1782 1602 1807 man

243 1831 327 1869 sich
361 1831 423 1869 bei
456 1843 531 1869 uns
564 1831 710 1881 infolge
744 1832 813 1870 der
840 1832 987 1870 Einfalt
1020 1832 1089 1870 der
1117 1824 1389 1881 Ubersetzung
1421 1831 1603 1881 gewohnt

243 1906 294 1931 zu
327 1905 455 1943 sagen,
491 1893 545 1930 im
572 1894 730 1943 Anfang
765 1894 822 1932 sei
859 1894 928 1932 der
963 1894 1128 1932 ‘sermo’
1166 1894 1230 1931 bei
1268 1894 1359 1931 Gott
1393 1894 1601 1942 gewesen'‚

243 1955 348 1993 kann
367 1954 435 1992 der
452 1954 632 2004 folgende
652 1955 892 1993 adversative
916 1955 1099 1993 Gedanke
1122 1967 1198 1992 nur
1215 1955 1366 1992 lauten:
1399 1954 1603 1992 ‘wahrend

244 2028 287 2056 es
309 2017 495 2066 richtiger
516 2020 616 2055 ware
639 2029 688 2054 zu
711 2028 849 2067 sagen:
880 2017 943 2055 die
965 2017 1092 2055 ratio'.
1124 2017 1222 2055 Statt
1244 2016 1385 2055 dessen
1408 2016 1511 2055 steht
1533 2017 1600 2055 da:

245 2078 448 2116 ‘wahrend
470 2089 511 2115 es
532 2079 717 2127 richtiger
735 2082 847 2127 ware,
876 2079 949 2115 dass
972 2090 1062 2115 man
1086 2078 1149 2115 die
1171 2079 1269 2116 ratio
1297 2078 1363 2115 fiir
1390 2078 1453 2115 die
1482 2078 1603 2116 altere

244 2140 392 2180 hielte’.
433 2140 513 2179 Das
546 2141 599 2179 ist
631 2141 740 2180 nicht
771 2153 848 2180 nur
880 2153 1004 2192 gegen
1039 2140 1102 2180 die
1129 2140 1262 2190 Logik,
1300 2140 1469 2179 sondern
1504 2141 1603 2180 auch

244 2203 421 2241 insofern
456 2203 816 2252 missverstandlich‚
859 2204 915 2241 als
955 2216 1046 2241 man
1081 2203 1148 2240 das
1183 2203 1297 2240 Wort
1332 2203 1465 2241 ‘fflter’
1503 2204 1604 2242 doch

245 2265 346 2303 nach
382 2263 470 2303 dem
503 2265 860 2314 Vorhergehenden
895 2277 971 2303 nur
1008 2276 1050 2303 so
1085 2264 1301 2303 ausdeuten
1336 2264 1493 2314 konnte,
1531 2264 1604 2304 dass

246 2326 310 2364 die
346 2328 444 2365 ratio
482 2327 562 2365 also
599 2327 742 2365 bereits
771 2340 841 2366 vor
877 2327 965 2366 dem
1001 2327 1238 2377 principium
1274 2327 1504 2377 dagewesen
1536 2329 1604 2366 sei.

246 2387 338 2425 Und
373 2387 440 2425 das
475 2391 576 2426 ware
608 2389 672 2426 ein
701 2389 866 2437 Unsinn,
900 2388 948 2426 da
975 2388 1210 2438 principium
1238 2389 1292 2426 im
1319 2389 1605 2439 vorhergehen-

246 2448 324 2488 den
351 2449 462 2488 nicht
494 2449 569 2488 den
605 2449 729 2489 durch
763 2450 826 2489 die
853 2450 1178 2499 Weltschopfung
1210 2453 1408 2500 gesetzten
1436 2450 1605 2500 Anfang,

247 2511 417 2549 sondern
454 2511 530 2550 den
558 2512 761 2561 Uranfang
796 2511 864 2550 des
893 2511 1004 2550 Seins
1040 2511 1260 2561 uberhaupt
1295 2513 1385 2561 (von
1413 2512 1606 2562 Ewigkeit
