1779 2958
178 176 229 212 ‘24
616 179 782 219 Ludwig
805 179 1101 219 Rosenmeyer,

177 282 335 332 aliquod
359 285 488 321 mente
512 281 772 332 supplendum
795 283 872 320 est:
899 281 985 320 ‘hoc
1009 293 1085 320 non
1109 281 1250 320 credis'
1274 293 1343 321 seu
1365 282 1452 321 ‘hoc
1471 283 1543 320 im-

176 342 351 392 pugnas'.
391 342 446 380 ‘in
474 342 528 380 re'
558 345 779 392 corruptum
806 344 875 390 est,
904 340 973 379 sed
996 353 1046 380 ne
1070 341 1124 378 ‘in
1148 342 1202 380 se'
1227 341 1383 391 quidem
1412 354 1544 381 veram

176 401 337 451 praebet
362 402 581 450 lectionem,
611 413 730 450 quare
758 401 1088 439 Reitzensteinius
1111 402 1292 450 proponit
1315 401 1438 451 ‘nisi’‚
1468 414 1544 451 qua

178 461 401 499 coniectura
427 462 584 510 recepta
610 460 751 498 fortius
780 460 968 510 premitur
998 460 1080 509 ‘per
1103 460 1342 498 substantiae
1371 462 1543 511 proprie-

177 523 319 561 tatem'.
354 522 497 561 Scribit
519 523 659 573 igitur:
685 522 728 559 ςὺ
747 521 821 568 γὰρ
841 520 888 558 οὐ
908 520 1030 559 θέλεις
1049 520 1216 567 οὐςιώδη
1235 520 1404 568 νομίζειν
1424 520 1544 559 αὐτὸν

178 580 209 616 εἰ
241 581 290 625 μή
325 581 388 616 διὰ
418 580 463 616 τὸ
497 580 595 617 ἰδίαν
628 580 727 626 ἔχειν
760 579 893 617 οὐςίαν
919 600 960 612 =
984 594 1062 619 non
1098 583 1156 619 vis
1191 583 1295 620 enim
1329 594 1418 619 eum
1452 583 1544 620 sub-

178 640 389 678 stantivum
403 639 543 678 habere
556 640 634 678 nisi
646 651 716 690 per
727 640 966 679 substantiae
977 641 1252 691 proprietatem
1263 653 1271 687 ;
1287 641 1365 679 iam
1377 644 1545 691 pergunt
1599 678 1612 691 ,

178 702 334 741 codices
358 702 415 740 ‘ut
437 700 560 751 (ὥςτε)
583 714 646 740 res
678 703 739 750 (=
762 707 873 742 etwas
895 703 1130 752 Materielles,
1160 703 1207 741 cf.
1225 702 1544 752 2781‘14—4315)

178 769 217 802 et
238 775 404 813 persona
427 764 617 812 quaedam
637 764 762 801 videri
784 765 908 813 possit
930 767 968 802 et
987 765 1040 802 ita
1065 765 1229 813 capiatl)
1257 765 1453 802 secundus
1474 794 1505 802 ..
1523 765 1543 802 .'

179 825 319 864 Omnia
347 826 502 875 egregie
532 825 574 863 in
597 825 790 864 Graecum
819 838 1036 865 sermonem
1060 827 1157 865 verti
1187 828 1369 876 possunt:
1400 826 1443 863 ςὺ
1469 826 1544 872 γὰρ

180 885 227 922 οὐ
246 885 370 922 θέλεις
389 885 557 930 οὐςιώδη
576 885 744 931 νομίζειν
764 884 884 922 αὐτὸν
903 885 933 922 εἰ
953 886 1000 931 μὴ
1022 886 1085 922 διὰ
1102 886 1147 922 τὸ
1166 886 1265 923 ἰδίαν
1285 886 1384 932 ἔχειν
1399 886 1544 931 οὐςίαν,

180 943 277 981 ὥςτε
303 940 400 981 εἶναι
425 944 460 981 τὶ
485 943 547 980 καὶ
572 943 782 990 πρόςωπον
809 940 906 981 εἶναι
933 944 994 981 καὶ
1025 943 1211 981 δύναςθαι
1238 942 1422 988 δεύτερον
1448 941 1545 998 ὄντα

180 1000 258 1038 ἀπὸ
285 1001 378 1038 θεοῦ
406 1000 479 1037 δύο
505 1002 631 1038 ποιεῖν
649 1000 797 1047 πατὲρα
822 1001 883 1037 καὶ
908 1000 1004 1045 υἱόν,
1031 1001 1122 1038 θεὸν
1141 1000 1202 1037 καὶ
1229 999 1359 1045 λόγον.
1397 1000 1431 1037 τί
1456 1000 1542 1046 γάρ,

180 1058 276 1105 φῄς,
305 1057 421 1102 λόγος
449 1056 557 1102 ἐςτίν,
590 1056 621 1094 εἰ
655 1057 703 1103 μὴ
739 1058 854 1104 φωνὴ
889 1057 949 1094 καὶ
980 1057 1021 1094 ἐκ
1053 1057 1239 1104 ςτόματος
1271 1056 1366 1104 ἦχος
1398 1058 1459 1094 καὶ
1490 1057 1544 1095 ὡς

179 1113 321 1151 εἴποιεν
358 1113 405 1150 ἂν
437 1115 711 1160 γραμματικῶν
744 1115 880 1150 παῖδες
916 1113 990 1159 ἀὴρ
1025 1113 1308 1160 πεπληγμένος,
1345 1113 1441 1162 ἀκοῇ
1476 1114 1544 1160 μὲν

180 1168 373 1215 αἰςθητός,
407 1170 518 1207 κενὸς
554 1170 597 1206 δὲ
631 1170 692 1207 καὶ
724 1169 946 1216 ἀςώματος;
975 1169 1060 1206 ἀλλ’
1080 1169 1155 1214 ἐγὼ
1183 1170 1224 1207 ἑκ
1251 1171 1344 1207 θεοῦ
1371 1170 1484 1207 κενόν
1510 1182 1544 1207 τι

177 1227 444 1273 προφερεςθαι
458 1225 506 1264 οὔ
522 1238 621 1273 φημι
635 1227 719 1263 καθ’
731 1224 824 1262 ὅςον
835 1224 907 1262 οὐκ
917 1225 993 1262 ἀπὸ
1009 1226 1124 1262 κενοῦ
1139 1225 1442 1272 προφερόμενον
1454 1225 1545 1264 οὔτε

179 1282 313 1320 οὐςίαν
340 1282 412 1320 οὐκ
437 1282 537 1329 ἔχειν
556 1282 578 1319 ὃ
606 1282 644 1321 ἐξ
671 1281 789 1327 αὐτῆς
815 1283 882 1327 τῆς
910 1280 1040 1319 οὐςίας
1066 1281 1306 1329 προφέρεται
1332 1283 1393 1320 καὶ
1417 1284 1543 1320 πᾶςαν

177 1342 280 1377 ποιεῖ
306 1340 451 1377 οὐςίαν.
485 1342 532 1379 In
561 1340 816 1390 sequentibus
840 1337 1119 1388 (237l1—9l9)
1148 1340 1425 1389 Kroymannus
1450 1340 1543 1379 ‘aut’

179 1401 343 1451 addidit,
378 1400 483 1451 quod
515 1401 610 1439 ferri
645 1413 723 1438 non
751 1403 893 1451 potest,
928 1399 1020 1449 quia
1053 1401 1331 1439 sententiarum
1368 1401 1544 1440 ordinem

180 1464 344 1509 deleret;
366 1463 458 1500 ‘iam
477 1463 603 1511 quale'
626 1462 796 1499 scribere
819 1472 1046 1510 possumus:
1073 1463 1225 1499 «Wenn
1246 1463 1313 1500 das
1329 1463 1544 1512 Vorherige

179 1526 374 1563 bewiesen
397 1525 459 1574 ist,
484 1535 562 1562 was
579 1523 711 1561 wiirde
732 1534 773 1562 es
793 1522 896 1561 dann
916 1523 982 1560 fiir
1001 1523 1063 1561 ein
1082 1523 1238 1562 Unsinn
1258 1523 1352 1573 sein,
1373 1523 1446 1562 dass
1466 1540 1540 1562 ...>›

288 1588 522 1636 Priusquam
542 1588 616 1624 hoc
634 1587 718 1624 loco
739 1597 954 1635 pergamUS,
974 1585 1070 1622 mihi
1085 1586 1202 1623 liceat
1215 1598 1340 1635 pauca
1355 1585 1546 1624 disserere

181 1649 228 1687 de
256 1650 357 1698 loco,
388 1660 501 1698 quem
536 1648 779 1686 laudavimus
815 1658 949 1698 supra:
982 1648 1161 1698 Capitis
1190 1648 1229 1686 II
1256 1646 1546 1699 23011-3121,

181 1711 249 1749 ubi
278 1711 468 1761 scriptum
495 1711 679 1761 legimus:
711 1710 731 1748 ἶ
753 1740 760 1747 .
783 1740 789 1747 .
816 1710 908 1747 dum
937 1710 1099 1749 unicum
1123 1711 1303 1759 (229s25)
1327 1710 1443 1749 deum
1466 1724 1544 1749 non

181 1773 275 1810 alias
303 1776 413 1822 putat
442 1771 691 1821 credendum,
721 1784 834 1821 quam
860 1772 893 1809 si
916 1772 1046 1821 ipsum
1070 1772 1315 1823 eundemque
1339 1776 1377 1810 et
1399 1776 1546 1823 patrem

181 1839 219 1874 et
246 1835 374 1873 filium
404 1838 442 1873 et
469 1835 649 1885 spiritum
679 1835 800 1883 dicat;
837 1835 948 1884 quasi
981 1847 1060 1874 non
1095 1837 1152 1875 sic
1182 1848 1335 1886 quoque
1365 1848 1467 1874 unus
1496 1836 1548 1875 sit

180 1900 318 1946 omnia,
349 1899 442 1936 dum
470 1910 521 1935 ex
551 1910 629 1935 uno
654 1898 792 1946 omnia,
821 1910 891 1947 per
914 1898 1150 1935 substantiae
1174 1898 1324 1935 scilicet
1346 1899 1546 1946 unitatem,

180 1962 219 1999 et
237 1960 492 1998 nihilominus
512 1959 752 1998 custodiatur
772 1959 1014 1998 oikonomiae
1030 1962 1324 2008 sacramentum,
1345 1971 1443 2008 quae
1458 1959 1545 1997 uni-

181 2025 298 2060 tatem
326 2023 367 2059 in
395 2022 608 2059 trinitatem
638 2022 817 2070 disponit,
846 2025 925 2059 tres
955 2021 1126 2070 dirigens
1150 2020 1303 2070 (230l1)
1330 2023 1478 2070 patrem
1508 2024 1547 2059 et

181 2084 307 2122 filium
337 2085 376 2123 et
404 2083 593 2134 spiritum,
623 2106 674 2110 -
703 2087 782 2122 tres
810 2086 940 2122 autem
968 2095 1047 2121 non
1077 2084 1188 2132 statu,
1218 2082 1288 2131 sed
1310 2082 1442 2133 gradu,
1472 2094 1546 2122 nec

290 2172 310 2203 6
334 2171 482 2211 dirigens
499 2185 539 2197 =
556 2171 752 2201 contendens
774 2180 842 2200 esee
857 2170 928 2208 Kr;
975 2171 994 2201 7
1010 2169 1166 2210 spiritum
1183 2170 1251 2208 PM,
1276 2170 1431 2209 spiritum
1446 2179 1545 2201 sanc-

184 2224 253 2254 tum
268 2222 323 2253 FR
346 2221 457 2262 vul90;
482 2221 618 2252 adnotat
634 2220 706 2253 Kr:
730 2220 955 2262 ‘parenthesin
970 2220 1127 2260 indicavi,
1150 2220 1207 2252 sed
1222 2220 1340 2260 nescio,
1360 2229 1406 2251 an
1421 2220 1546 2260 duple-v

184 2274 353 2305 verborum
376 2274 521 2304 recensio
544 2274 597 2304 hic
619 2274 662 2304 sit
685 2273 913 2313 aynoscenda?

297 2346 318 2386 ¹)
342 2346 378 2376 In
390 2346 510 2377 tertiae
523 2345 574 2377 ed.
589 2345 665 2377 adn.
679 2346 708 2376 R
720 2346 805 2377 haec
824 2345 975 2385 scripsit:
992 2344 1199 2376 Mutavimus
1210 2343 1391 2384 ‘capias'in
1401 2344 1546 2384 ‘capiat’‚

182 2399 219 2428 ut
242 2396 287 2427 sit
309 2395 434 2437 ‘capiat
462 2395 635 2428 secundus
664 2405 686 2427 a
709 2392 773 2428 deo
797 2395 1001 2428 constitutus
1026 2396 1111 2428 duos
1135 2394 1280 2427 efficere'
1295 2404 1355 2435 pro
1379 2404 1430 2434 co,
1455 2394 1546 2436 quod

181 2450 218 2479 ut
240 2447 300 2478 fiat
322 2447 395 2478 sive
411 2447 594 2488 contingat,
619 2450 656 2479 ut
673 2472 679 2478 .
698 2469 706 2477 .
723 2471 729 2478 .
748 2447 870 2479 efficiat
886 2470 892 2478 .
912 2471 917 2478 .
936 2471 943 2479 .
968 2447 1023 2478 Sic
1040 2447 1247 2478 Graecorum
1264 2445 1546 2478 consuetudinem

182 2497 274 2529 eirca
297 2506 396 2528 usum
420 2497 515 2529 verbi
540 2497 712 2536 ἐνδέχεται
734 2497 861 2529 imitari
884 2497 979 2536 solet,
1004 2506 1103 2538 quem
1127 2497 1171 2529 ad
1194 2496 1332 2529 modum
1355 2499 1435 2529 ante
1459 2495 1545 2528 dixi-

181 2559 257 2583 mus
280 2549 395 2582 multis
418 2550 454 2581 in
476 2550 571 2582 locis.
606 2551 656 2582 R²
679 2551 716 2582 in
738 2561 801 2591 my.
821 2561 827 2582 :
844 2550 932 2591 Leqe
954 2550 1066 2591 capiat
1088 2549 1147 2580 hoe
1171 2552 1217 2580 est
1238 2548 1361 2588 valeat,
1384 2548 1501 2589 possit.
