1779 2958
221 213 449 258 Quaestiones
461 213 710 247 Tertullianeae
726 213 771 247 ad
781 213 905 247 librum
916 213 1089 248 Adversus
1100 214 1255 248 Praxean
1267 215 1487 257 pertinentes.
1529 214 1578 250 41

220 318 371 366 deum⁷
392 328 442 355 ex
462 316 534 355 deo
549 316 656 366 deuS‚
676 316 768 366 quia
783 328 883 355 cum
896 317 1025 367 patre
1040 329 1062 355 a
1081 320 1189 368 patre
1207 318 1372 368 spadices:
1394 317 1463 357 sed
1480 318 1583 369 apud

224 380 352 429 deum,
372 379 464 429 quia
479 390 530 417 ex
545 378 617 418 deo
633 379 741 429 deus,
759 379 852 429 quia
866 391 956 418 cum
969 381 1087 430 patre,
1108 380 1211 430 apud
1224 383 1381 430 patrem.
1401 380 1482 419 Kr:
1504 381 1582 430 sed,

220 442 314 492 quia
334 454 385 480 ex
406 441 477 480 deo
493 441 598 490 deus,
618 441 721 492 apud
735 441 863 490 deum,
883 442 974 491 quia
988 453 1078 480 cum
1092 444 1211 491 patre,
1230 441 1334 491 apud
1347 443 1521 492 patrem).
1541 445 1585 480 et

221 502 364 540 vidim
375 514 424 540 us
443 503 638 552 gloriam
659 503 775 553 eius,
794 506 1022 553 tamquam
1036 503 1267 553 unigeniti
1281 515 1304 541 a
1317 504 1470 553 patre'.
1498 503 1585 542 Hac

221 564 417 603 sententia
431 564 686 602 confirmatur
700 564 817 614 ‘apud
830 565 992 615 patrem’
1005 565 1233 603 mutandum
1249 576 1333 603 esse
1347 565 1390 602 in
1405 565 1442 603 ‘a
1452 565 1584 615 patre’,

223 626 271 665 cf.
287 625 481 664 Ev.10h.1
503 627 552 663 14
568 627 673 674 παρὰ
685 627 840 673 πατρός.
864 627 1073 665 Vertamus
1086 627 1128 665 in
1141 627 1331 666 Graecum
1347 638 1582 666 sermonem:
1642 655 1645 658 ι

222 687 340 726 οὗτος
363 688 384 725 ὁ
402 688 520 731 λόγος
536 689 611 734 πρὸ
626 691 693 733 τῆς
709 689 848 734 ςαρκὸς
868 689 910 726 ἐν
925 689 1019 737 ἀρχῇ
1035 689 1082 734 ἦν
1097 690 1196 734 πρὸς
1212 690 1281 726 τὸν
1300 689 1394 727 θεόν
1408 711 1459 714 -
1472 689 1545 734 οὐχ
1560 688 1583 725 ὁ

224 749 312 787 θεὸς
330 750 428 795 πρὸς
445 750 515 786 τὸν
534 749 665 794 λόγον.
689 749 719 787 εἰ
730 749 803 795 γὰρ
819 750 879 787 καὶ
894 751 984 788 θεὸς
996 750 1043 796 ἦν
1056 750 1078 787 ὁ
1093 749 1222 798 λόγος,
1241 748 1320 787 ἀλλ’
1335 749 1393 787 ὅτι
1404 747 1501 796 πρὸς
1513 747 1582 787 τὸν

223 810 327 858 θεόν,
343 810 384 848 ἐκ
398 812 469 849 τοῦ
486 813 580 849 θεοῦ
597 812 696 858 θεός,
711 811 772 850 καὶ
786 810 842 850 ὅτι
856 813 923 850 ςὺν
938 815 991 861 τῷ
1006 813 1128 860 πατρί,
1144 813 1247 857 παρὰ
1260 814 1331 849 τοῦ
1345 812 1499 857 πατρός.
1523 812 1584 849 καὶ

224 872 457 917 ἐθεαςάμεθα
468 873 536 917 τὴν
550 873 668 911 δόξαν
680 872 816 921 αὐτοῦ,
846 872 966 911 δόξαν
980 873 1033 911 ὡς
1047 875 1287 918 μονογενοῦς
1304 872 1409 919 παρὰ
1425 873 1582 919 πατρός.

225 932 318 970 ‘non
336 935 446 982 pater
464 932 566 983 ap'ud
585 934 814 973 sermonem'
833 933 1191 983 (254l12—23l10)
1206 934 1449 985 parenthesis
1465 946 1583 983 quae—

227 993 315 1032 dam
332 998 399 1042 est,
419 1006 495 1043 qua
508 987 766 1034 Tertullianus
785 997 939 1046 saepius
954 998 1086 1035 utitur.
1110 997 1208 1035 Nam
1229 997 1337 1045 quasi
1357 1008 1426 1046 per
1443 1008 1582 1045 paren-

229 1056 355 1095 thesin
376 1055 504 1096 dicere
524 1057 608 1096 vult
626 1057 721 1108 ipsis
741 1057 869 1097 verbis
889 1060 949 1097 καὶ
969 1059 990 1097 ὁ
1011 1059 1127 1104 λόγος
1145 1059 1192 1105 ἦν
1207 1055 1303 1106 πρὸς
1323 1056 1390 1097 τὸν
1410 1059 1502 1097 θεόν
1522 1059 1581 1096 in—

227 1119 352 1158 dicari
367 1120 457 1158 θεόν
473 1131 557 1157 esse
572 1121 707 1169 maius,
722 1121 974 1170 principalem
989 1121 1196 1158 notionem.
1225 1121 1298 1158 His
1312 1121 1390 1158 iam
1403 1121 1584 1158 nituntur

227 1181 448 1229 sequentia:
473 1181 546 1218 etsi
566 1180 661 1219 deus
681 1185 739 1219 est
759 1183 924 1231 (sermo),
946 1184 1095 1220 tantum
1120 1181 1215 1220 deus
1238 1184 1305 1231 est,
1329 1182 1420 1231 quia
1439 1193 1489 1220 ex
1510 1182 1582 1220 deo

229 1243 434 1293 principali
449 1242 607 1292 prodiit3
627 1244 674 1281 cf.
686 1244 947 1293 parenthesim
960 1246 1115 1282 nostrae
1130 1244 1362 1282 simillimam
1378 1245 1581 1285 264s1-2

229 1302 454 1352 (3114—5):
475 1304 587 1341 ‘alius
607 1316 732 1342 sermo
753 1304 826 1353 dei,
846 1305 945 1342 alius
965 1305 1071 1353 deus,
1091 1327 1141 1331 —
1162 1305 1254 1342 licet
1273 1306 1312 1342 et
1329 1316 1454 1342 sermo
1475 1305 1582 1353 deus,

229 1364 303 1415 sed
321 1377 397 1415 qua
420 1364 484 1404 dei
505 1365 623 1416 filius,
651 1377 730 1405 non
753 1378 831 1417 qua
851 1369 960 1418 pater
982 1367 1058 1405 —’.
1095 1366 1369 1417 Kroymannus
1393 1379 1480 1406 cum
1504 1379 1583 1405 non

231 1428 474 1477 cognovisset
483 1430 601 1465 totam
612 1429 980 1477 argumentationem
991 1430 1153 1478 positam
1164 1440 1247 1466 esse
1257 1429 1299 1465 in
1310 1429 1583 1466 coniunctione

226 1489 401 1527 locorum
421 1489 440 1526 I
459 1489 543 1527 Ioh.v
555 1490 576 1526 1
599 1491 637 1527 et
654 1489 724 1527 Ev.
743 1490 824 1528 Ioh.
844 1490 864 1527 I
884 1490 905 1527 1
927 1501 1019 1540 sqq„
1038 1502 1117 1528 non
1134 1490 1339 1539 intellexit,
1358 1492 1453 1539 quot
1467 1489 1584 1528 verba

228 1551 306 1589 sint
333 1563 382 1589 ex
412 1553 576 1600 utroque
599 1551 764 1590 laudata.
800 1552 912 1597 Quod
940 1553 974 1590 si
997 1553 1236 1601 cognoveris,
1259 1563 1393 1589 omnes
1416 1564 1437 1590 e
1456 1551 1584 1589 medio

227 1613 327 1650 latae
351 1616 464 1649 erunt
487 1612 748 1651 difficultates.
775 1634 824 1640 —
847 1613 928 1650 Iam
952 1624 1174 1663 pergamus:
1199 1614 1243 1650 ut
1265 1612 1475 1662 distinguat
1496 1623 1585 1662 apo-

226 1674 349 1712 stolus
376 1674 478 1712 inter
505 1674 739 1713 invisibilem
762 1677 909 1725 patrem
932 1677 972 1713 et
993 1675 1183 1713 visibilem
1205 1674 1345 1723 filium,
1373 1674 1586 1723 superdicit

228 1747 277 1774 ex
314 1736 545 1773 abundanti:
585 1736 719 1774 ‘deum
754 1749 869 1775 nemo
908 1737 1005 1774 vidit
1039 1738 1249 1785 unquam'3
1288 1748 1402 1785 quem
1439 1736 1583 1774 deum?

229 1798 474 1836 sermonem?
509 1798 662 1847 atquin:
693 1798 879 1837 ‘vidimus
913 1801 953 1838 et
981 1798 1303 1837 contrectavimus
1332 1798 1379 1836 de
1407 1809 1584 1836 sermone

228 1860 348 1898 vitae'
369 1860 608 1909 praedictum
634 1863 701 1898 cst.
726 1860 795 1899 sed
818 1872 937 1910 quem
959 1860 1103 1899 deum?
1123 1861 1273 1898 scilicet
1293 1861 1459 1909 patrem:
1484 1859 1584 1897 ἀλλὰ

228 1922 310 1961 τίνα
340 1922 451 1969 θεόν;
480 1923 625 1971 πατέρα
649 1923 840 1971 δηλονότι.
876 1923 984 1962 Deus
1005 1923 1125 1973 igitur
1146 1921 1352 1960 invisibilis
1381 1923 1448 1971 est,
1477 1922 1584 1960 visus

230 1986 289 2022 est
325 1984 387 2022 dei
425 1996 565 2033 sermo,
609 1986 676 2033 qui
712 1998 801 2023 caro
837 1986 964 2023 factus
1004 1987 1062 2022 est
1099 1984 1314 2022 secundum
1350 1984 1583 2021 Iohannem:

230 2046 318 2085 ‘etsi
354 2043 519 2095 (254l13
532 2069 579 2074 —
594 2044 660 2088 23!
667 2047 731 2097 11)
769 2047 865 2086 deus
901 2059 1044 2095 sermo,
1082 2045 1151 2085 sed
1187 2046 1278 2096 quia
1313 2045 1417 2096 apud
1452 2045 1584 2095 deum,

229 2120 277 2147 ex
316 2108 388 2146 deo
426 2108 536 2156 deus,
577 2109 668 2157 quia
707 2121 797 2147 cum
834 2112 941 2158 patre
980 2121 1002 2146 a
1041 2109 1176 2158 patre'.
1227 2109 1354 2146 Acute
1392 2108 1585 2146 Iohannes

230 2169 433 2219 distinguit
467 2169 571 2208 inter
602 2169 837 2208 invisibilem
869 2171 1018 2220 patrem
1051 2172 1091 2208 et
1124 2180 1356 2218 sermonem,
1391 2168 1586 2207 visibilem

229 2232 292 2271 dei
324 2232 462 2281 filium,
500 2232 568 2281 qui
600 2233 660 2270 est
687 2244 709 2270 a
736 2234 854 2282 patre.
893 2232 1009 2270 Nunc
1045 2232 1147 2270 idem
1186 2232 1233 2269 de
1266 2231 1387 2269 Paulo
1425 2232 1587 2281 exponit

228 2297 382 2332 auctor:
422 2295 453 2331 1.
482 2293 533 2331 Et
559 2293 705 2331 Paulus
741 2296 996 2332 contestatur:
1031 2292 1128 2330 vidi
1161 2293 1328 2342 Iesum,
1362 2293 1405 2331 in
1439 2293 1586 2343 primae

230 2357 334 2394 enim
363 2355 549 2407 epistulae
577 2355 626 2394 ad
655 2355 738 2394 Cor.
758 2355 819 2394 IX
842 2357 861 2393 1
891 2356 1076 2406 legimus:
1113 2355 1199 2403 οὒχὶ
1227 2353 1410 2405 (Χριςτὸν)
1438 2356 1587 2404 Ἰηςοῡν

228 2416 297 2457 τὸν
321 2420 451 2465 κύριον
473 2419 579 2465 ἡμῶν
605 2419 774 2466 ἑώρακας
807 2419 841 2456 2.
870 2418 923 2457 ‘et
948 2418 1082 2468 ipse’1)
1111 2419 1169 2467 (ut
1190 2417 1397 2467 Iohannes)
1425 2420 1588 2457 testatur

340 2507 363 2548 ¹)
387 2508 432 2539 ‘et
453 2507 543 2548 ipse’
565 2506 770 2539 servandum
797 2508 858 2547 est,
887 2515 963 2539 cum
992 2506 1117 2539 Paulus
1144 2506 1191 2538 ibi
1214 2506 1358 2539 Iohanni
1387 2509 1587 2548 opponatur,

227 2561 263 2590 et
286 2559 367 2600 quia
390 2559 574 2599 respondet
596 2557 751 2599 sequenti
774 2558 818 2589 ‘et
840 2557 934 2598 ipse’.
