1779 2958
245 196 471 237 Quaestiones
482 196 730 229 Tertullianeae
746 195 792 229 ad
806 195 930 228 librum
945 195 1117 228 Adversus
1128 195 1283 227 Praxean
1295 196 1516 236 pertinentes.
1554 193 1603 230 13

245 311 316 350 per
350 311 568 337 sermonem
604 311 697 337 mox
733 301 817 337 erat
852 298 1037 337 dicturus.
1083 311 1172 336 cum
1208 299 1357 336 ratione
1395 299 1499 336 enim
1534 310 1604 337 sua

246 361 419 411 cogitans
442 363 557 410 atque
581 360 801 411 disponens,
829 371 1045 398 sermonem
1070 371 1156 398 eam
1179 359 1388 409 efficiebat,
1413 372 1503 398 cum
1526 372 1605 399 ser-

244 434 359 461 mone
386 422 596 461 tractabat'.
635 422 776 460 Verbis
806 422 868 459 ‘ad
896 433 1049 459 omnem
1072 432 1210 460 sensus
1233 422 1291 459 tui
1313 422 1470 471 pulsum
1492 423 1606 470 (κίνη-

245 483 326 533 ςιν)’
347 484 386 522 et
404 483 691 533 ‘quodcumque
707 483 874 521 senseris
892 483 989 521 ratio
1005 483 1081 521 est'
1102 483 1239 521 alludit
1257 486 1393 521 auctor
1407 483 1456 521 ad
1475 482 1602 531 verba,

245 556 345 594 quae
375 556 492 595 supra
524 545 709 595 legimus:
740 545 851 594 ‘quia
882 545 980 583 ratio
1014 556 1152 583 sensus
1185 546 1308 595 ipsius
1338 546 1430 591 est';
1466 556 1605 583 sensus

244 607 349 645 idem
374 609 432 645 est
450 619 496 645 ac
514 608 610 645 ratio
635 608 764 656 (λόγος
785 607 1026 655 ἐνδιάθετος),
1051 607 1286 656 quibuscum
1307 606 1605 657 coniungendus

245 672 304 708 est
322 681 458 720 sermo,
478 669 545 719 qui
567 670 649 720 ipse
670 680 824 720 quoque
843 669 908 707 hic
931 670 990 708 est
1008 669 1225 708 ἐνδιάθετος
1250 669 1311 719 (cf.
1327 669 1381 708 Io.
1397 669 1505 708 Dam.
1525 670 1548 708 l.
1570 681 1601 708 c.

243 732 384 781 verba),
412 732 453 769 id
483 733 542 770 est
569 732 768 781 cogitatio:
799 732 887 770 Was
909 732 963 769 du
984 732 1114 769 denkst
1141 730 1211 780 (ὅτι
1235 732 1283 769 ἂν
1303 733 1452 782 λογίςῃ),
1481 734 1528 770 ist
1556 734 1598 770 in

252 793 447 832 Wahrheit
474 793 565 832 doch
591 795 651 832 ein
680 793 807 838 λόγος.
845 792 900 830 Of.
929 792 1045 842 paulo
1073 793 1175 830 infra
1202 805 1237 843 p.
1260 794 1320 830 14.

351 856 434 893 Iam
451 855 578 905 pergit
595 855 870 894 Tertullianus:
895 855 1008 904 Illud,
1027 855 1051 893 i.
1065 866 1096 893 e.
1112 855 1386 905 quodcumque
1412 856 1604 894 sentimus

243 919 307 956 vel
335 918 560 967 cogitamus,
588 919 629 954 in
658 918 786 955 animo
813 917 1027 965 loquimur3
1057 917 1245 955 habemus
1272 918 1393 966 igitur
1421 917 1604 955 conlocu-

243 983 366 1018 torem
388 990 617 1027 sermonem,
645 978 685 1016 in
709 990 785 1028 quo
809 979 910 1017 inest
931 979 1026 1017 haec
1048 979 1133 1029 ipsa
1154 980 1269 1017 ratio:
1300 978 1602 1018 ‘conlocutorem

243 1042 386 1091 pateris
420 1052 654 1090 sermonem,
688 1042 727 1078 in
758 1052 834 1089 quo
863 1041 965 1079 inest
992 1041 1089 1079 haec
1117 1042 1201 1090 ipsa
1228 1042 1350 1079 ratio'.
1394 1041 1603 1090 Sequentia

242 1103 361 1142 verba
389 1101 605 1152 (234s9—7
614 1100 750 1152 13).ita
776 1102 916 1140 tradita
944 1105 1036 1141 sunt
1063 1102 1281 1141 codicibus:
1318 1102 1408 1152 ‘qua
1436 1115 1527 1142 cum
1555 1115 1602 1141 eo

243 1167 416 1215 cogitans
437 1165 617 1214 loquaris,
646 1176 715 1214 per
739 1177 856 1214 quem
877 1165 1040 1214 loquens
1069 1166 1238 1215 cogitas',
1263 1177 1364 1214 quae
1387 1168 1492 1204 recta
1518 1177 1603 1203 esse

243 1239 320 1265 non
349 1230 528 1277 possunt,
558 1238 647 1265 cum
675 1238 754 1264 non
782 1238 960 1265 sermone
990 1227 1203 1276 cogitemus
1232 1226 1301 1264 sed
1335 1227 1501 1275 ratione,
1533 1238 1601 1265 ne-

243 1301 319 1339 que
338 1290 486 1327 ratione
511 1289 717 1337 loquamur
738 1287 807 1326 sed
832 1299 1019 1326 sermone.
1045 1289 1222 1326 Fortasse
1252 1288 1359 1326 facili
1387 1289 1601 1326 mutatione

243 1351 389 1388 ordinis
416 1349 623 1388 verborum
652 1348 901 1387 scribendum
930 1351 1008 1387 est:
1040 1350 1130 1398 ‘qua
1152 1351 1325 1400 cogitans
1354 1361 1442 1388 cum
1473 1362 1517 1388 eo
1546 1350 1602 1387 lo-

243 1412 373 1462 quaris
394 1442 402 1450 .
423 1442 431 1449 .
453 1412 484 1460 .',
518 1411 655 1449 melior
683 1414 813 1449 autem
841 1414 943 1449 esset
971 1411 1212 1450 confirmatio
1242 1412 1464 1461 verborum,
1501 1424 1601 1461 quae

241 1473 497 1524 praecedunt:
529 1473 589 1510 ‘in
618 1484 693 1521 quo
721 1472 824 1510 inest
857 1473 953 1511 haec
986 1473 1071 1522 ipsa
1102 1473 1215 1521 ratio,
1251 1474 1394 1523 qu<i>a
1429 1486 1517 1513 cum
1553 1485 1601 1512 eo

243 1536 416 1585 cogitans
452 1534 622 1583 loqueris
658 1535 734 1583 (seu
767 1534 971 1583 loquaris)’
1001 1557 1052 1561 —
1086 1535 1231 1573 scimus
1265 1547 1484 1575 sermonem
1518 1548 1603 1575 esse

243 1597 519 1636 collocutorem
548 1620 600 1625 -—
628 1597 711 1647 ‘per
739 1608 853 1645 quem
883 1598 1028 1646 cogitas
1056 1597 1276 1646 loquendo’.
1313 1599 1525 1636 Auctorem
1547 1598 1600 1636 ibi

242 1659 510 1708 paronomasia
531 1658 737 1696 verborum
767 1660 979 1703 λογίῑεςθαι
1008 1661 1047 1696 et
1073 1660 1350 1704 ςυλλογίζεςθαι
1377 1672 1494 1697 usum
1517 1672 1604 1698 esse

241 1720 511 1769 intellegemus
542 1721 661 1757 totam
682 1720 913 1757 sententiam
940 1719 1218 1758 transferentes
1240 1721 1282 1758 in
1307 1720 1499 1759 Graecum
1523 1733 1605 1759 ser-

242 1792 396 1819 monem
404 1776 481 1818 {511
494 1782 562 1827 μὲν
573 1781 620 1818 ἂν
630 1781 799 1830 λογίςῃ,
815 1781 929 1825 λόγο
938 1792 957 1818 ς
968 1781 1080 1819 ἐςτίν·
1093 1779 1148 1819 ὅτι
1158 1781 1249 1820 δ’ἂν
1258 1784 1407 1832 νοήςῃς,
1417 1783 1605 1828 διάνοιάῑ)

243 1842 349 1881 ἐςτιν.
379 1843 600 1887 Ἀναγκαῖον
621 1842 694 1886 οὖν
713 1843 785 1880 ἑςτι
804 1842 926 1880 ἐκεῖνό
948 1855 986 1887 ςε
1005 1843 1126 1886 λέγειν
1146 1844 1187 1881 ἑν
1202 1846 1338 1893 (αυτῷ,
1359 1845 1419 1882 καὶ
1439 1845 1602 1888 λέγοντα

242 1906 557 1952 διαλογιζόμενον
587 1905 783 1952 ἀνὲχεςθαι
810 1903 878 1944 τὸν
907 1905 1039 1951 λόγον,
1069 1905 1110 1943 ἑν
1139 1905 1171 1954 ᾧ
1195 1905 1332 1943 ἔνεστιν
1356 1906 1451 1952 αὐτὴ
1476 1908 1499 1953 ἡ
1523 1907 1604 1944 διά-

242 1978 339 2014 νοια,
368 1965 464 2003 διότι
493 1966 558 2003 ςὺν
586 1966 714 2014 τούτῳ
744 1964 991 2011 λογιζόμενος
1015 1965 1142 2013 λέγεις,
1172 1964 1218 2002 δι’
1240 1963 1287 2003 οὗ
1312 1966 1438 2009 λέγων
1461 1967 1601 2015 λογίζῃ.

242 2026 289 2063 In
312 2026 564 2074 sequentibus
587 2024 838 2073 Kroymanno
861 2026 1040 2063 assentiri
1063 2037 1141 2062 non
1164 2036 1330 2074 possum,
1355 2026 1424 2074 qui
1447 2026 1604 2064 disserit

241 2088 265 2126 l.
286 2100 317 2127 c.
341 2100 377 2139 p.
395 2088 467 2126 69:
502 2086 654 2126 «Daher
676 2086 739 2126 die
754 2087 905 2126 Worte:
937 2087 1283 2126 conlocutorem
1305 2088 1480 2138 pateris
1505 2100 1602 2128 ser-

242 2161 436 2199 monem,
472 2150 506 2186 d.
525 2150 561 2186 h.
591 2150 659 2186 ‘du
692 2150 860 2199 sprichst
892 2150 1001 2187 nicht
1034 2150 1149 2187 allein
1183 2150 1327 2187 durch
1357 2150 1432 2188 den
1462 2162 1602 2199 sermo,

242 2211 411 2250 sondern
435 2210 613 2260 zugleich
636 2210 736 2249 auch
758 2210 841 2248 mit
859 2210 948 2249 dem
966 2211 1105 2249 sermo'
1125 2212 1216 2259 (qua
1235 2222 1335 2249 cum
1355 2222 1405 2249 eo
1426 2213 1602 2261 cogitans

242 2272 424 2320 loquaris,
443 2282 523 2321 per
541 2282 673 2320 quem
691 2271 855 2320 loquens
876 2272 1045 2320 cogitas).
1073 2271 1223 2309 Hierzu
1242 2273 1390 2310 stimmt
1407 2285 1490 2311 nun
1510 2273 1605 2311 aber

243 2332 437 2371 durchaus
472 2333 582 2371 nicht
615 2332 677 2371 die
704 2331 942 2382 Folgerung:
979 2332 1045 2370 ‘ita
1079 2332 1275 2371 secundus
1316 2334 1599 2383 quodammodo

241 2395 284 2431 in
311 2395 350 2432 te
380 2396 439 2432 est
466 2407 607 2443 sermo,
641 2406 710 2444 per
744 2406 858 2443 quem
886 2394 1056 2443 loqueris
1091 2395 1293 2444 cogitando
1323 2397 1362 2434 et
1388 2408 1458 2445 per
1486 2408 1601 2445 quem

242 2456 435 2506 loquendo
460 2457 624 2506 cogitas3
648 2456 732 2506 ipse
752 2467 877 2494 sermo
900 2456 1000 2493 alius
1019 2455 1103 2494 est’.
1139 2456 1251 2495 Denn
1271 2457 1357 2495 hier
1375 2457 1472 2495 wird
1492 2459 1603 2496 nicht

354 2545 377 2588 ¹)
402 2546 535 2578 διάνοια
558 2546 677 2579 eodem
699 2546 769 2578 fere
792 2556 895 2579 sensu
919 2556 985 2588 quo
1008 2548 1223 2586 διαλογιςμός
1245 2550 1437 2590 usurpatur.
