1779 2958
830 163 1011 196 Praefatio.
1552 160 1608 192 VII

357 260 518 300 Codices
546 261 600 299 ita
627 262 729 300 inter
755 273 797 301 se
827 262 1050 301 cohaerent:

727 332 1016 371 *cluniacensis

540 386 763 569 Έῖζ
1017 388 1323 569 Χζ’ἨὶΓΒειιις.
1364 487 1371 493 s

483 560 811 658 *eo'm.„..JJ{J{]]'.'.'.‘.'.·.·:::
815 626 979 660 .................
1043 579 1092 600 ”””
1230 561 1261 655 ΒΙἿ

818 675 859 713 B.
878 676 1088 714 Rhenanus

356 748 416 787 De
450 747 684 787 editionibus
716 760 909 798 perpauca
943 748 1052 787 addo.
1098 749 1262 787 Maximi
1296 747 1482 786 momenti
1516 750 1609 785 sunt

249 817 328 852 tres
355 813 445 851 illae
474 812 663 851 editiones
688 812 821 851 Beati
842 813 1066 863 Rhenani,
1096 825 1195 863 quae
1220 814 1335 862 1521,
1360 813 1476 861 1528,
1502 813 1606 850 1539

249 878 487 930 prodierunt.
517 877 741 927 Sequuntur
768 878 976 917 editiones:
1005 878 1195 917 Martini
1223 877 1450 917 Mesnarti
1477 877 1607 927 (vulgo

249 944 279 982 I.
299 943 485 992 Grangnei,
513 942 633 980 Paris.
670 944 803 991 1545),
841 943 1152 992 sigismundi
1180 943 1383 980 Gelenii
1416 942 1607 991 (Basileae

252 1008 380 1057 1550),
408 1006 567 1045 Iacobi
588 1006 782 1045 Pamelii
806 1007 940 1057 (Paris.
966 1008 1094 1057 1579),
1116 1006 1182 1045 Fr.
1205 1007 1331 1045 Iunii
1353 1006 1607 1057 (Franckerae

252 1073 386 1120 1597),
419 1075 503 1109 tum
536 1072 689 1121 egregia
722 1071 839 1109 editio
866 1072 1052 1110 Nicolai
1079 1071 1271 1121 Rigalti,
1307 1083 1407 1120 quae
1436 1072 1606 1120 primum

249 1135 392 1187 prodiit
404 1135 563 1174 Parisiis
582 1147 682 1173 anno
699 1135 813 1185 1634,
834 1134 973 1174 deinde
992 1135 1224 1184 compluries
1242 1135 1415 1185 repetita.
1445 1134 1607 1185 Saepius

248 1201 439 1251 Rigaltius
475 1212 567 1239 usus
601 1203 660 1238 est
692 1200 1020 1249 adnotationibus,
1055 1212 1149 1249 quas
1182 1200 1376 1238 Fulvius
1405 1200 1607 1238 Ursinus

249 1264 298 1303 ad
324 1265 538 1314 marginem
566 1264 798 1314 exemplaris
827 1265 888 1318 sui
916 1264 1159 1302 Pamelianae
1190 1264 1372 1302 editionis
1400 1263 1608 1314 adscripsit

248 1329 421 1368 fontibus
458 1332 587 1367 tamen
624 1330 705 1367 suis
739 1341 818 1367 non
851 1328 1040 1367 indicatis.
1090 1328 1253 1367 Multum
1289 1328 1411 1367 debeo
1446 1328 1608 1367 editioni

248 1393 314 1432 Fr.
340 1393 543 1443 Oehleri,
573 1405 672 1443 quae
701 1393 813 1431 annis
844 1394 1055 1431 1853—54
1082 1393 1238 1443 Lipsiae
1266 1393 1418 1443 prodiit.
1459 1392 1608 1442 Kroy-

250 1458 403 1496 manni
420 1459 589 1508 priorem
607 1457 816 1496 editionem
833 1458 912 1495 iam
931 1458 1239 1507 commemoravi,
1260 1457 1306 1495 ab
1323 1457 1458 1496 eodem
1477 1459 1610 1496 noster

248 1523 350 1561 liber
382 1523 587 1572 separatim
623 1521 749 1560 editus
784 1525 844 1560 est
873 1522 1084 1571 (Tubingae
1114 1522 1249 1571 1907),
1284 1523 1396 1560 cuius
1425 1523 1472 1560 de
1500 1534 1609 1572 prae-

248 1587 394 1625 fatione
421 1589 555 1636 postea
584 1586 821 1625 disserturus
851 1598 938 1624 sum
948 1586 987 1635 1).

357 1651 557 1689 Postremo
573 1662 711 1689 moneo
726 1662 788 1689 me
803 1651 845 1688 in
856 1651 986 1689 verbis
997 1651 1222 1689 Tertulliani
1235 1650 1440 1689 laudandis
1452 1651 1609 1689 maioris

250 1716 433 1756 editionis
461 1715 704 1766 Kroymanni
731 1728 914 1756 numeros
942 1716 1121 1756 secutum
1151 1728 1236 1756 esse
1264 1716 1442 1767 (appictis
1471 1719 1609 1767 tamen,

250 1782 378 1829 quoad
410 1782 500 1819 fieri
531 1783 666 1830 potuit,
702 1782 881 1818 editionis
914 1782 1075 1818 minoris
1109 1782 1305 1829 numeris).
1346 1781 1393 1818 In
1427 1785 1610 1830 apparatu

252 1845 386 1884 critico
420 1845 661 1895 Kroymanni
697 1844 906 1884 editionem
943 1845 1128 1884 maiorem
1164 1848 1323 1884 secutus
1359 1857 1465 1892 sum;
1510 1857 1609 1895 quae

251 1922 322 1959 ego
351 1910 487 1958 adieci,
516 1911 671 1947 uncinis
701 1910 746 1960 []
776 1910 1007 1959 significavi.

363 2000 385 2040 ¹)
408 1999 504 2032 Hanc
528 1998 711 2032 editionem
734 2001 805 2032 n'on
828 2001 943 2040 affero,
966 1998 1034 2032 nisi
1057 1999 1100 2033 ab
1130 1999 1278 2032 editione
1301 1999 1429 2032 maiore
1455 1998 1608 2032 discedit.
