1779 2958
237 178 461 221 Quaestiones
471 178 719 212 Tertullianeae
735 178 780 212 ad
795 179 919 212 librum
934 179 1108 212 Adversus
1120 178 1276 211 Praxean
1287 178 1505 220 pertinentes.
1545 175 1592 212 11

342 280 470 319 Etiam
492 281 567 320 hoc
588 281 673 321 loco
695 280 971 331 Kroymannus
994 280 1071 320 sibi
1097 281 1182 332 ipse
1206 280 1459 319 difficultates
1486 283 1596 331 parat

236 343 371 382 dicens
402 343 450 382 de
481 344 691 394 primordio
721 345 893 383 omnium
923 356 1056 383 rerum
1087 344 1160 394 agi.
1195 344 1271 383 Sed
1299 344 1446 382 scimus
1477 343 1594 381 deum

235 416 320 444 esse
348 409 550 444 aeternum
576 409 622 444 ut
649 407 732 445 sine
759 407 840 445 fine
862 408 916 445 ita
944 408 1028 445 sine
1055 407 1178 456 initio,
1206 406 1445 456 principium
1473 406 1595 455 igitur

234 467 333 505 nihil
353 470 411 506 est
431 469 507 506 nisi
526 468 662 507 mundi
683 469 929 519 principium,
953 482 1072 519 quare
1093 468 1271 519 equidem
1297 472 1401 507 certe
1425 479 1594 506 commo-

234 540 338 577 veor,
357 530 402 566 ut
420 532 459 567 et
477 530 605 578 priore
627 530 714 567 loco
734 530 782 567 de
805 530 940 567 mundi
958 531 1148 580 principio
1168 531 1230 580 agi
1252 531 1402 580 putem:
1427 530 1467 566 in
1487 529 1595 578 prin-

235 591 335 641 cipio
365 602 491 629 sermo
519 603 598 630 non
627 594 709 629 erat
741 591 843 641 apud
873 591 1003 640 deum,
1040 592 1109 631 sed
1143 592 1215 631 hoc
1247 593 1419 642 tempore
1448 590 1495 629 ab
1525 590 1592 629 illo

234 654 401 691 emissus
424 657 493 690 est.
524 652 648 698 Quam
671 652 719 690 ad
748 653 1073 701 significationem
1095 655 1210 691 huius
1230 654 1339 692 verbi
1357 654 1475 691 velim
1498 664 1591 691 con-

233 713 337 752 feras
357 726 388 752 o.
404 713 502 752 XVI
520 712 869 763 (256l9—24s22):
890 714 1011 764 ‘pater
1029 715 1145 765 enim,
1169 717 1235 766 qui
1255 715 1413 766 diligit
1433 715 1591 753 filium

234 779 279 814 et
297 777 447 814 omnia
466 776 661 814 tradidit
678 777 725 814 in
743 788 878 814 manu
899 778 1015 826 eius,
1039 778 1174 826 utique
1194 790 1216 814 a
1234 777 1444 826 primordio
1465 777 1591 826 diligit

234 839 273 876 et
306 850 329 875 a
355 837 565 887 primordio
595 837 762 887 tradidit,
799 849 850 875 ex
878 849 954 886 quo
989 836 1027 887 [a
1053 838 1277 889 primordio]
1311 850 1458 876 sermo
1493 842 1592 876 erat

233 899 351 950 apud
374 899 506 938 deum
530 903 574 938 et
597 900 709 938 deus
738 901 838 938 erat
864 911 1057 938 sermo..
1074 900 1104 937 .’
1138 900 1301 938 Maximi
1322 901 1508 939 momenti
1532 902 1590 939 est

230 961 340 1000 locus
355 973 387 999 c.
396 961 498 999 XIX
509 960 885 1011 (262s14—29l23):
899 961 1077 1011 ‘primum
1095 961 1246 1000 scilicet
1259 963 1429 1000 omnium
1446 974 1589 1001 sermo:

231 1024 277 1061 in
307 1024 541 1074 principio
566 1027 664 1062 erat
685 1036 850 1072 sermo,
878 1024 920 1061 in
940 1035 1017 1073 quo
1037 1023 1227 1073 principio
1248 1024 1417 1073 prolatus
1441 1037 1463 1062 a
1482 1027 1591 1074 patre

232 1088 300 1123 est.
336 1088 510 1123 ceterum
537 1088 645 1134 pater
673 1097 751 1122 non
779 1085 926 1123 habens
953 1085 1118 1133 initium,
1152 1089 1197 1122 ut
1225 1098 1247 1123 a
1274 1086 1380 1123 nullo
1408 1086 1591 1135 prolatus⁷

232 1147 277 1184 ut
301 1147 458 1184 innatus
475 1176 482 1183 .
499 1177 506 1184 .
523 1147 543 1184 .'
579 1146 643 1185 Sic
667 1145 786 1184 verba
805 1145 935 1184 ‘etiam
954 1149 1042 1184 ante
1061 1146 1309 1196 principium’
1328 1146 1442 1185 facile
1468 1147 1590 1196 expli-

233 1211 381 1246 cantur.
430 1208 508 1247 Sed
547 1209 698 1247 etiamsi
731 1209 843 1246 aliam
883 1209 1077 1258 praeferas
1114 1209 1488 1259 interpretationem,
1524 1208 1589 1246 illa

232 1269 350 1308 verba
377 1281 429 1307 ex
457 1269 642 1319 loquendi
664 1281 740 1308 usu
762 1270 1081 1320 philosophorum
1104 1270 1388 1320 intellegentur,
1423 1281 1499 1319 quo
1523 1282 1590 1308 au-

231 1330 348 1381 gendi
368 1343 484 1370 causa
504 1333 601 1382 ἀρχῇ
627 1334 828 1383 opponunt
845 1334 1048 1380 προαρχήν
1076 1333 1269 1382 quandam
1297 1336 1364 1371 aut
1391 1332 1438 1371 de
1466 1333 1592 1382 primo

233 1396 271 1431 et
285 1395 548 1432 vetustissimo
564 1394 636 1433 deo
655 1396 710 1432 ita
727 1395 941 1444 loquuntur
957 1399 1004 1433 ut
1020 1399 1249 1445 personatus
1268 1396 1334 1434 ille
1353 1395 1589 1433 lamblichus

233 1454 280 1493 de
300 1454 416 1503 Myst.
436 1455 534 1493 VIII
554 1456 597 1493 2:
628 1454 705 1503 πρὸ
727 1459 804 1494 τῶν
829 1456 953 1495 ὄντως
983 1456 1111 1495 ὄντων
1140 1458 1200 1494 καὶ
1222 1459 1301 1494 τῶν
1324 1455 1429 1495 ὅλων
1458 1456 1590 1503 ἀρχῶν

232 1517 304 1555 {tn
327 1513 413 1556 θεὸς
436 1517 485 1555 εἷς
509 1519 582 1555 κτλ.
623 1517 750 1562 Quare
780 1517 884 1555 ‘sed'
905 1517 1168 1567 (233l17-—6s
1175 1519 1238 1566 19)
1258 1517 1337 1555 dici
1358 1529 1437 1555 non
1459 1518 1590 1567 possit,

232 1579 413 1629 equidem
432 1579 659 1630 intellegere
677 1592 756 1619 non
774 1591 943 1631 possum,
968 1580 1106 1630 copula
1124 1580 1210 1619 ‘sit'
1231 1592 1282 1619 ex
1302 1580 1481 1630 sequenti
1500 1591 1593 1618 con-

229 1641 405 1680 iunctivo
422 1641 629 1680 ‘ostendat'
648 1642 762 1681 facile
781 1644 911 1681 mente
931 1644 1059 1692 potest
1077 1642 1261 1693 suppleri.
1287 1641 1453 1692 Egregie
1471 1642 1593 1691 igitur

230 1704 417 1753 praebent
444 1703 613 1742 codices:
644 1704 749 1753 ‘quia
767 1716 845 1742 non
868 1704 1094 1742 sermonalis
1114 1716 1137 1741 a
1158 1704 1360 1753 principio,
1384 1704 1452 1741 sed
1474 1703 1590 1740 ratio-

231 1765 329 1803 nalis
353 1765 448 1804 deus
472 1765 588 1803 etiam
610 1768 699 1803 ante
721 1765 985 1815 principium’.
1015 1765 1091 1804 Sed
1112 1765 1216 1803 inter
1233 1765 1423 1803 rationem
1443 1768 1483 1802 et
1509 1775 1589 1802 ser-

231 1838 384 1865 monem
408 1839 487 1864 non
509 1828 586 1864 tam
611 1827 752 1868 acriter
774 1827 1042 1877 distinguitur:
1072 1827 1174 1865 ‘nam
1200 1828 1272 1865 etsi
1296 1826 1391 1865 deus
1413 1825 1588 1863 nondum

231 1899 448 1927 sermonem
477 1900 591 1926 suum
621 1889 904 1937 <e>miserat¹)‚
938 1888 1100 1938 proinde
1129 1900 1219 1926 eum
1247 1901 1337 1927 cum
1370 1889 1454 1938 ipsa
1482 1891 1521 1926 et
1547 1888 1589 1925 in

230 1951 315 2000 ipsa
347 1951 496 1989 ratione
529 1950 633 1988 intra
667 1950 916 2000 semetipsum
949 1949 1128 1999 habebat,
1162 1950 1277 1989 tacite
1312 1949 1516 2000 cogitando
1551 1951 1591 1988 et

232 2013 470 2063 disponendo
500 2025 630 2051 secum
662 2025 761 2062 quae
795 2024 864 2063 per
897 2024 1113 2051 sermonem
1151 2025 1243 2050 mox
1271 2011 1354 2050 erat
1382 2013 1590 2051 dicturus’.

230 2074 389 2125 Excipit
417 2076 491 2113 hoc
513 2075 723 2114 sententia:
754 2075 863 2113 ‘cum
882 2076 1029 2113 ratione
1053 2075 1155 2113 enim
1181 2086 1252 2112 sua
1275 2075 1448 2125 cogitans
1471 2076 1588 2124 atque

231 2137 450 2187 disponens,
473 2148 689 2176 sermonem
712 2148 796 2175 eam
819 2136 1024 2185 efficiebat,
1053 2148 1155 2175 cum
1177 2147 1353 2174 sermone
1376 2136 1590 2175 tractabat'.

229 2198 406 2237 Verbum
425 2199 638 2248 ‘sermone’‚
658 2198 761 2248 quod
780 2198 1055 2247 Kroymannus
1073 2200 1159 2248 post
1178 2197 1415 2247 ‘disponens'
1435 2198 1590 2246 adiecit,

230 2272 348 2299 sensu
368 2264 487 2307 caret3
512 2260 560 2299 de
579 2272 756 2298 sermone
774 2261 927 2298 interno
946 2260 1121 2309 loquitur
1139 2262 1274 2298 auctor
1291 2273 1326 2310 p.
1341 2261 1433 2302 6s31
1452 2261 1592 2310 (234l4

231 2323 415 2372 —6l31);
445 2322 500 2360 ibi
528 2322 646 2361 habes
666 2322 883 2361 Stoicorum
913 2322 1032 2367 λόγον
1052 2321 1273 2361 ἐνδιάθετον
1293 2325 1332 2361 et
1356 2322 1477 2368 λόγον
1496 2335 1593 2370 προ-

344 2419 367 2461 ¹)
395 2419 451 2451 Sic
480 2429 541 2460 pro
570 2419 731 2452 ‘miserat’
760 2419 904 2452 fortasse
932 2418 1150 2451 scribendum
1179 2421 1240 2461 est,
1270 2419 1310 2451 cf.
1336 2430 1364 2452 c.
1380 2420 1435 2452 VII
1459 2419 1594 2462 (237s15

231 2469 361 2512 —9125-3)
390 2471 528 2512 ‘quanto
560 2471 668 2512 magis
700 2471 789 2513 quod
820 2480 862 2503 ex
889 2470 998 2511 ipsius
1026 2470 1218 2503 substantia
1246 2471 1408 2503 emissum
1438 2474 1489 2503 est
1517 2471 1593 2503 sine

230 2522 423 2554 substantia
445 2532 516 2554 non
539 2522 602 2555 erit
613 2523 641 2554 ’θ’
