1779 2958
213 174 237 211 2
654 176 820 218 Ludwig
842 176 1135 218 Rosenmeym,

214 280 301 320 hist.
315 294 374 320 an.
387 281 426 319 X
448 281 498 318 29
521 280 790 319 Wellmannus
816 280 985 319 ostendit
1007 278 1186 329 (Hermes
1198 278 1340 317 XXXI
1353 291 1389 329 p.
1403 277 1578 328 249l50),

212 354 286 382 cur
307 343 494 392 Aegyptii
516 341 611 379 ibim
635 341 833 381 Mercurio
857 353 1005 380 sacram
1027 341 1231 390 voluerint,
1260 341 1320 379 his
1342 341 1425 379 fere
1449 339 1578 378 verbis

213 406 391 455 exponit:
420 403 482 440 καὶ
505 405 561 450 τῷ
582 401 708 450 Ἑρμῇ
736 402 780 440 δὲ
807 414 901 449 φαςι
923 404 979 452 τῷ
1004 401 1118 448 πατρὶ
1139 402 1214 439 τῶν
1241 401 1371 446 λόγων
1398 401 1578 448 φιλεῖται,

213 465 293 503 ἐπεὶ
318 464 420 503 ἔοικε
444 464 490 501 τὸ
517 460 622 501 εἶδος
647 467 697 512 τῇ
726 464 862 511 φύςει
884 465 967 501 τοῦ
994 463 1156 508 λόγου·
1182 463 1231 500 τὰ
1252 463 1320 509 μὲν
1337 462 1412 509 γὰρ
1431 462 1579 509 μέλανα

213 527 418 573 ὠκύπτερα
434 528 490 575 τῷ
508 537 549 563 τε
565 525 764 574 ςιγωμὲνῳ
783 526 845 563 καὶ
863 525 980 563 ἔνδον
1000 523 1313 572 ἐπιςτρεφομὲνῳ
1333 523 1439 571 λόγῳ
1456 535 1578 569 παρα-

213 587 397 637 βάλλοιτο
424 587 484 636 ἄν,
510 588 559 625 τὰ
585 588 629 625 δέ
655 587 774 625 λευκὰ
798 590 854 638 τῷ
879 585 1170 636 προφερομὲνῳ
1192 596 1234 623 τε
1259 585 1321 623 καὶ
1347 584 1577 635 ἀκουομένῳ

211 652 287 697 ἤδη
324 652 386 689 καὶ
419 651 588 700 ὑπηρέτῃ
623 651 694 688 τοῦ
730 650 847 688 ἔνδον
882 650 944 688 καὶ
979 649 1147 698 ἀγγέλῳ,
1182 649 1236 687 ὡς
1271 648 1319 686 ἂν
1352 648 1482 687 εἴποις.
1520 650 1576 688 Cf.

211 715 412 753 Plutarchi
435 726 466 752 c.
485 714 607 764 princ.
625 713 761 763 philos.
781 713 870 751 diss.
884 725 915 751 c.
927 714 962 762 2,
975 725 1010 763 p.
1021 715 1042 750 7
1049 715 1069 750 7
1076 715 1096 750 7
1108 713 1162 751 Β;
1178 711 1224 747 τὸ
1239 711 1283 747 δὲ
1297 710 1419 755 λέγειν
1433 708 1492 747 ὅτι
1504 709 1578 747 δύο

213 773 323 819 λόγοι
341 773 441 819 εἰςίν,
455 773 478 811 ὁ
494 774 562 820 μὲν
576 772 799 811 ἐνδιάθετος
812 772 1161 820 ἡγεμόνοςἙρμοῦ
1176 773 1321 819 δῶρον,
1340 771 1362 809 ὁ
1377 773 1410 809 δ’
1426 771 1468 810 ἐν
1484 783 1578 818 προ-

212 837 324 883 φορᾷ
350 836 556 881 διάκτορος
581 835 643 871 καὶ
669 835 889 880 ὀργανικός,γ
911 834 1038 871 ἕωλόν
1065 834 1139 871 ἐςτι
1163 862 1170 869 .
1192 862 1226 869 ..
1267 836 1348 873 Alii
1378 839 1484 873 certe
1512 837 1579 872 aut

210 896 461 943 προφορικὸν
486 899 635 936 tantum
665 897 713 936 ad
736 897 979 936 Mercurium
1007 897 1250 946 revocabant,
1281 897 1389 936 velut
1411 896 1578 946 exempli

211 961 336 1010 gratia
358 960 588 1010 philosophi,
618 972 714 1008 quos
742 960 918 997 Iustinus
943 959 1068 1008 (Apol.
1088 959 1108 997 I
1129 960 1193 1008 22)
1221 958 1353 997 laudat
1379 957 1470 1003 ὑμῖν
1495 958 1578 993 τοῖς

210 1020 281 1058 τὸν
306 1019 455 1067 Ἑρμῆν
491 1019 611 1064 λόγον
645 1020 715 1056 τὸν
752 1019 859 1065 παρὰ
898 1019 991 1056 θεοῦ
1034 1018 1256 1064 ἀγγελτικὸν
1291 1017 1477 1065 λέγουςιν,
1512 1020 1579 1057 aut

213 1081 438 1119 ἐνδιάθετον
467 1085 619 1121 tantum
649 1081 769 1126 λόγον
806 1094 895 1120 cum
928 1082 994 1120 illo
1030 1082 1102 1120 deo
1141 1081 1443 1132 coniungebant,
1473 1082 1579 1120 velut

213 1144 437 1183 Heraclitus
471 1145 596 1195 Alleg.
625 1145 739 1182 Hom.
770 1145 820 1182 72
857 1145 907 1194 (p.
932 1144 1006 1181 141
1044 1143 1101 1181 ed.
1130 1143 1313 1192 Mehler):
1337 1140 1486 1188 Ἑρμῆς

210 1205 403 1242 τουτὲςτιν
439 1204 462 1241 ὁ
497 1204 663 1250 ἔμφρων
699 1204 828 1248 λόγος.
868 1203 1111 1249 ὑφιςτάμεθα
1141 1204 1238 1246 γοῦν
1271 1202 1421 1249 ἐτύμως
1458 1202 1578 1240 αὐτὸν

211 1264 360 1312 Ἐρμῆν
387 1265 561 1310 λὲγεςθαι
585 1265 731 1302 παντὸς
757 1266 828 1301 τοῦ
859 1264 1080 1310 νοουμένου
1113 1265 1211 1301 κατὰ
1243 1264 1373 1310 ψυχὴν
1410 1263 1577 1310 ἑρμηνέα

210 1328 296 1365 τινὰ
321 1327 418 1364 ὄντα
445 1341 518 1366 nec
542 1329 671 1366 minus
694 1328 904 1378 Horapollo
928 1327 992 1365 ille
1016 1327 1035 1365 Ι
1056 1328 1130 1365 36:
1159 1325 1320 1372 καρδίαν
1346 1325 1578 1372 βουλόμενοι

210 1388 378 1434 γράφειν
403 1384 478 1434 ἶβιν
506 1389 776 1434 ζωγραφοῡςι·
801 1388 847 1424 τὸ
872 1388 946 1433 γὰρ
973 1386 1216 1436 ζῷονἙρμῇ
1244 1387 1431 1436 ᾡκείωται
1456 1386 1577 1432 πάςης

212 1449 371 1495 καρδίας
398 1450 459 1486 καὶ
486 1450 669 1496 λογιςμοῡ
697 1449 871 1497 δεςπὸτῃ.

321 1512 420 1550 Cum
438 1512 633 1562 prioribus
652 1513 781 1550 facere
801 1512 918 1550 etiam
936 1512 1141 1550 Philonem
1160 1524 1275 1550 nemo
1295 1513 1440 1559 nescit;
1465 1513 1578 1550 cuius

213 1573 261 1612 de
289 1573 395 1623 Logo
424 1573 640 1611 doctrinam
668 1573 892 1623 respicienti
923 1573 1021 1611 duae
1049 1585 1112 1612 res
1135 1574 1258 1623 primo
1282 1573 1421 1611 obtutu
1444 1585 1578 1612 occur-

211 1638 308 1684 rent,
337 1636 522 1685 primum,
557 1636 652 1685 ipsis
680 1636 852 1684 Iudaeis,
888 1648 965 1685 quo
995 1636 1117 1685 magis
1146 1636 1426 1685 incorporalem
1462 1636 1578 1675 deum

212 1701 251 1736 et
273 1709 391 1748 supra
414 1698 602 1736 mundum
627 1698 770 1736 elatum
794 1700 922 1737 mente
946 1697 1224 1748 concipiebant,
1245 1709 1290 1735 eo
1315 1698 1436 1748 magis
1460 1698 1578 1736 altera

213 1760 323 1810 quasi
347 1759 560 1798 divinitatis
584 1771 749 1810 persona
772 1772 869 1810 opus
891 1760 1015 1799 fuisse
1038 1760 1142 1798 inter
1165 1760 1359 1798 hominem
1385 1760 1579 1810 deumque

211 1822 450 1870 intermedia,
476 1823 585 1871 quasi
610 1823 759 1861 minore
783 1823 950 1872 quodam
974 1823 1056 1871 deo,
1085 1834 1175 1860 cum
1201 1823 1331 1873 priore
1354 1826 1483 1861 tamen
1507 1823 1578 1861 deo

212 1896 328 1934 quam
357 1884 550 1923 artissime
584 1886 811 1934 coniuncto,
847 1885 987 1923 deinde
1018 1897 1039 1923 e
1070 1885 1305 1923 Graecorum
1335 1885 1578 1935 philosophia

212 1959 302 1984 cum
340 1947 632 1984 Platonicorum
670 1949 753 1984 tum
794 1947 1013 1985 Stoicorum
1062 1947 1191 1985 omnia
1236 1947 1440 1997 desumpta-
1482 1959 1577 1996 esse,

212 2019 312 2058 quae
342 2008 435 2046 huic
464 2008 656 2046 sermonis
686 2008 809 2046 divini
843 2009 993 2047 notioni
1023 2008 1154 2059 aliquo
1188 2009 1303 2047 modo
1332 2008 1464 2047 favere
1492 2020 1579 2059 pos-

212 2072 349 2119 sent1).
378 2071 462 2109 Iam
483 2071 587 2109 enim
608 2071 707 2109 duae
728 2071 817 2110 illae
839 2073 966 2110 sectae
987 2083 1057 2121 per
1076 2070 1330 2109 Posidonium
1352 2072 1463 2120 quasi
1488 2083 1579 2109 con-

211 2133 368 2170 iunctae
396 2131 513 2169 deum
539 2132 693 2181 piorum
719 2133 859 2170 animis
883 2134 1032 2171 secreta
1057 2144 1128 2170 sua
1153 2133 1387 2171 revelantem
1418 2144 1579 2181 quaere-

212 2193 314 2241 bant,
334 2195 379 2231 ut
396 2193 438 2230 in
454 2193 705 2231 Posidonium
727 2195 843 2232 etiam
864 2194 987 2243 magis
1007 2194 1208 2243 quadrent,
1229 2205 1327 2243 quae
1347 2194 1395 2231 de
1416 2193 1577 2232 Philone

212 2255 457 2292 Harnackius
481 2254 540 2303 (D.
557 2254 600 2292 G.
615 2255 635 2292 Ι
657 2256 748 2301 107)
767 2256 842 2293 ait:
878 2256 974 2294 «Die
993 2256 1245 2305 Eiufiihrung
1264 2255 1332 2293 des
1347 2255 1578 2294 Gedankens

327 2357 349 2398 ¹)
371 2357 448 2389 Non
470 2367 584 2390 meum
607 2360 700 2390 certe
722 2361 774 2390 est
790 2368 965 2400 quaerere,
989 2368 1071 2391 num
1088 2358 1191 2391 etiam
1206 2357 1446 2400 Aegyptiorum
1461 2359 1578 2401 religio

213 2408 342 2450 aliquid
358 2408 590 2449 contribuerit,
615 2411 674 2441 aut
690 2419 871 2450 exponere,
896 2412 1060 2450 quantum
1075 2409 1161 2441 haee
1177 2409 1345 2442 sermonis
1362 2409 1469 2442 divini
1484 2410 1578 2443 notio

212 2459 408 2500 contulerit,
442 2462 479 2492 ut
514 2470 634 2493 sacrae
662 2461 864 2493 Iudaeorum
892 2460 1058 2494 historiae
1093 2460 1228 2493 facilius
1257 2470 1334 2493 cum
1362 2461 1579 2504 philosophia

211 2512 267 2544 vel
290 2511 495 2553 theosophia
518 2511 726 2544 Graecorum
750 2512 1046 2554 coniungerentur.
