1779 2958
220 197 445 239 Quaestiones
456 196 705 228 Tertullianeae
718 195 762 227 ad
776 195 900 228 librum
913 195 1086 227 Adversus
1097 196 1252 228 Praxean
1266 196 1483 236 pertinentes.
1526 194 1575 230 23

220 299 328 337 vocis
348 297 546 347 accipitur,
566 296 635 350 sed
651 298 693 334 in
717 297 934 335 substantia
954 297 1124 346 prolatae
1147 309 1169 334 a
1192 297 1264 335 deo
1287 299 1441 335 virtutis
1464 310 1579 346 agno-

221 360 344 397 scitur
471 358 562 406 (981
577 358 626 404 A)
659 368 762 395 unus
798 357 895 395 deus
930 357 1148 396 ostenditur
1174 369 1292 395 verus
1326 361 1366 395 et
1399 362 1579 396 aeternus

220 421 348 470 pater:
379 420 401 457 a?
429 430 505 468 quo
534 418 615 456 solo
638 418 734 457 haec
756 419 816 456 vis
840 418 1050 457 divinitatis
1074 419 1225 468 emissa,
1255 419 1371 457 etiam
1392 420 1434 456 in
1452 419 1580 457 filium

220 481 360 519 tradita
388 483 425 518 et
455 479 615 528 directa,
643 491 801 518 rursum
827 492 898 530 per
925 480 1162 519 substantiae
1192 481 1504 519 communionem
1532 480 1580 518 ad

221 544 370 594 patrem
389 541 634 580 revolvitur&
686 541 851 592 Egregie
885 542 1001 581 etiam
1035 543 1083 581 ad
1116 544 1291 582 nostrum
1325 543 1451 582 locum
1488 555 1582 594 qua-

222 606 345 652 drant,
374 616 473 652 quae
500 604 737 653 Hippolytus
764 605 807 642 in
826 604 1046 655 Philosoph.
1064 605 1105 643 X
1130 607 1179 643 33
1210 605 1323 644 dicit:
1355 603 1483 641 Οὗτος
1508 603 1581 641 οὖν

223 664 343 711 μόνος
366 664 428 700 καὶ
445 663 542 700 κατὰ
562 663 720 701 πάντων
739 665 829 702 θεὸς
847 664 965 709 λόγον
982 667 1139 711 πρῶτον
1158 665 1355 711 ἐννοηθεὶς
1374 665 1580 713 ἀπογεννᾷ,

224 725 271 763 οὐ
307 725 426 769 λόγον
461 725 515 762 ὡς
550 725 708 771 φωνήν,
741 725 825 763 ἀλλ’
852 726 1075 764 ἐνδιάθετον
1105 727 1176 764 τοῦ
1209 728 1354 765 παντὸς
1388 727 1579 774 λογιςμόν.

222 786 373 824 Τοῦτον
400 786 522 832 μόνον
549 787 588 824 ἑξ
613 787 741 824 ὄντων
760 787 914 832 ἐγέννα·
939 788 984 825 τὸ
1009 789 1083 834 γὰρ
1110 788 1156 825 ὂν
1176 788 1292 826 αὐτὸς
1320 788 1343 825 ό
1368 789 1494 835 πατὴρ
1520 788 1581 834 ἦν,

223 848 262 887 ἑξ
288 847 336 885 οὗ
362 848 406 885 τὸ
431 849 628 894 γεννηθέν.
665 848 792 886 Αἴτιον
816 851 899 887 τοῖς
916 849 1154 896 γιγνομένοις
1174 850 1290 894 λόγος
1307 850 1366 895 ἦν,
1393 850 1434 887 ἐν
1454 850 1579 898 ἑαυτῷ

224 910 361 957 φὲρων
378 910 423 947 τὸ
450 910 575 948 θὲλειν
597 912 668 947 τοῦ
685 910 972 956 γεγεννηκότος,
999 910 1071 947 οὐκ
1089 910 1245 957 ἄπειρος
1262 913 1330 957 τῆς
1347 913 1418 948 τοῦ
1435 911 1581 958 πατρὸς

223 970 393 1008 ἑννοίας·
414 971 493 1017 ἅμα
509 972 583 1017 γὰρ
600 975 655 1020 τῷ
675 971 716 1008 ἑκ
733 973 804 1008 τοῦ
821 971 1077 1016 γεννήςαντος
1094 973 1311 1018 προελθεῖν,
1332 972 1581 1018 πρωτότοκος

222 1033 365 1069 τούτου
391 1032 601 1078 γενόμενος
628 1032 762 1079 φωνή,
789 1032 865 1079 ἔχει
891 1032 932 1069 ἐν
959 1033 1084 1082 ἑαυτῷ
1110 1034 1179 1071 τὰς
1205 1034 1246 1071 ἐν
1271 1037 1326 1083 τῷ
1351 1035 1464 1081 πατρὶ
1488 1046 1581 1081 προ-

224 1093 468 1139 εννοηθείςας
495 1093 609 1138 ἰδέας,
636 1092 728 1131 ὅθεν
754 1093 984 1131 κελεύοντος
1009 1095 1154 1141 πατρὸς
1179 1094 1344 1139 γίνεςθαι
1370 1095 1512 1142 κόςμον
1537 1096 1582 1132 τὸ

223 1155 320 1192 κατὰ
345 1155 388 1192 ἓν
416 1156 532 1200 λόγος
558 1156 779 1192 ἀπετελεῖτο
806 1155 978 1202 ἀρὲςκων
1005 1158 1094 1204 θεῷ.

332 1218 408 1257 Sed
435 1219 511 1257 iam
542 1218 589 1257 ad
619 1231 700 1257 rem
733 1215 868 1269 ipsam⁴
885 1221 1091 1257 vertamur.
1138 1220 1288 1257 Auctor
1321 1219 1584 1259 demonstrare

223 1281 347 1319 voluit
375 1281 508 1319 ‘unam
545 1282 785 1330 eandemque
812 1281 893 1318 vim
921 1292 1006 1319 esse
1033 1293 1139 1319 nunc
1167 1281 1209 1318 in
1236 1282 1393 1319 nomine
1428 1283 1584 1331 sophiae

224 1353 330 1379 nunc
349 1341 390 1379 in
410 1342 663 1391 appellatione
683 1342 936 1391 sermonis’1),
956 1354 1171 1381 sermonem
1193 1355 1276 1381 esse
1298 1344 1351 1381 ‘et
1368 1344 1410 1380 in
1428 1344 1585 1393 sophiae

225 1407 262 1441 et
289 1404 330 1441 in
358 1404 519 1442 rationis
554 1408 591 1443 et
623 1404 664 1441 in
698 1405 823 1443 omnis
859 1404 982 1443 divini
1016 1406 1134 1443 animi
1164 1409 1203 1444 et
1231 1406 1390 1455 spiritus
1419 1406 1584 1454 nomine,

226 1466 293 1514 qui
312 1465 420 1503 filius
437 1466 564 1503 factus
585 1469 644 1503 est
662 1466 743 1515 dei,
764 1465 812 1504 de
832 1478 908 1515 quo
928 1467 1154 1515 prodeundo
1174 1468 1382 1516 generatus
1404 1466 1485 1504 est'.
1522 1467 1585 1504 Ad

225 1527 321 1566 haec
348 1528 612 1566 adversarius:
642 1527 823 1567 concedis
832 1529 863 1579 ²)
889 1529 1009 1579 igitur
1030 1529 1133 1579 λόγῳ
1156 1540 1240 1567 esse
1260 1528 1515 1566 substantiam
1532 1551 1582 1555 —

225 1591 328 1639 quod
352 1590 510 1640 quidem
532 1592 616 1641 ipse
640 1591 884 1629 adversarius
907 1592 1042 1640 negat;
1075 1591 1195 1628 utitur
1216 1590 1335 1628 verbo
1360 1590 1465 1639 ‘das'‚
1494 1591 1584 1639 quia

225 1655 361 1690 auctor
379 1653 443 1690 hic
463 1652 743 1701 quodammodo
763 1652 1010 1689 monarchiae
1029 1651 1331 1689 destructionem
1347 1652 1466 1690 infert
1479 1654 1583 1701 (con-

225 1714 341 1762 cedit)
354 1737 417 1762 —‚
429 1725 528 1763 quae
542 1713 758 1752 substantia
778 1714 927 1752 constat
941 1724 991 1751 ex
1006 1713 1143 1762 spiritu
1162 1711 1378 1758 (πνεύματι)
1395 1715 1434 1751 et
1448 1714 1582 1763 sophia

223 1775 533 1823 (παραδεδομὲνῃ
562 1774 763 1823 ςοφίᾳ)3)ῗ
799 1775 1056 1813 Tertullianus
1078 1774 1303 1824 respondet:
1330 1774 1467 1824 ‘plane‚
1491 1786 1582 1813 con-

225 1838 319 1877 cedo
333 1839 429 1887 hoc’,
445 1838 564 1888 idque
578 1831 707 1889 ipsum
719 1838 925 1877 confirmat
933 1837 1061 1876 verbis
1074 1837 1253 1875 exeuntis
1267 1837 1404 1886 capitis
1417 1836 1524 1885 (237s
1532 1838 1580 1873 15

225 1899 406 1950 —-9l23):
426 1901 584 1950 ‘quanto
603 1901 726 1950 magis
746 1901 849 1950 quod
869 1912 918 1939 ex
938 1901 1061 1950 ipsius
1082 1900 1297 1937 substantia
1318 1898 1505 1937 emissum
1523 1900 1583 1936 est

225 1963 309 2002 sine
322 1962 538 2002 substantia
553 1975 631 2001 non
646 1964 747 2001 erit?
769 1973 1038 2012 quaecumque
1055 1973 1145 2011 ergo
1161 1961 1378 2000 substantia
1392 1961 1582 2000 sermonis

223 2025 309 2073 fuit,
337 2025 440 2062 illam
465 2024 551 2062 dico
573 2035 779 2073 personam
798 2054 805 2061 .
828 2054 835 2061 .
856 2025 878 2060 .’
918 2023 1042 2061 Scribi
1061 2035 1167 2061 nunc
1185 2035 1265 2061 non
1284 2026 1429 2073 potest:
1460 2023 1583 2060 ‘novi-

225 2097 312 2124 mus
340 2097 430 2124 eum
458 2085 740 2124 substantivum
770 2085 934 2134 habere',
968 2096 1067 2134 quae
1095 2084 1213 2122 verba
1247 2096 1367 2123 sensu
1395 2090 1581 2134 carerent,

224 2147 295 2185 sed
322 2146 588 2197 incipiendum
616 2150 675 2185 est
702 2159 724 2184 a
747 2147 837 2185 ‘non
860 2147 920 2184 vis
949 2146 1085 2193 enim';
1116 2146 1247 2184 ‘enim’
1272 2148 1315 2184 ut
1342 2147 1457 2197 paulo
1481 2147 1583 2185 infra

224 2208 347 2258 (fecit
366 2209 471 2248 enim
490 2211 529 2247 et
551 2209 634 2259 ipse
658 2219 757 2258 quae
779 2209 882 2247 facta
905 2211 998 2247 sunt
1018 2219 1089 2258 per
1107 2207 1246 2257 illum’)
1275 2208 1329 2246 ita
1348 2211 1387 2247 et
1406 2209 1480 2248 hoc
1497 2209 1583 2249 loco

224 2271 510 2309 adversativum
523 2271 605 2309 fere
617 2272 772 2309 videtur
786 2283 882 2319 esse,
896 2271 974 2308 nisi
986 2270 1096 2319 forte,
1112 2270 1216 2319 quod
1230 2273 1408 2320 praestat,
1420 2272 1582 2310 verbum

333 2355 358 2396 l)
381 2354 428 2386 Cf.
445 2354 575 2387 Philon.
590 2355 652 2396 leg.
670 2355 807 2395 allegor.
823 2355 836 2386 Ι
852 2354 894 2386 65
917 2354 950 2395 (1.
968 2363 996 2386 c.
1013 2354 1026 2386 Ι
1042 2353 1093 2393 78,
1115 2352 1162 2394 1):
1193 2353 1278 2392 αὕτη
1305 2353 1525 2393 ἐκπορεύεται
1548 2354 1585 2385 ἐκ

223 2407 286 2445 τῆς
304 2404 417 2446 Ἐδέμ,
440 2408 502 2446 τῆς
523 2408 587 2438 τοῦ
612 2408 694 2438 θεοῦ
718 2405 858 2445 ςοφίας·
881 2406 902 2445 ἡ
926 2406 965 2438 δέ
987 2406 1074 2438 ἐςτιν
1098 2405 1117 2436 ὁ
1143 2407 1225 2436 θεοῦ
1250 2405 1360 2443 λόγος.

333 2457 360 2498 ²)
381 2457 433 2488 Ad
444 2457 529 2489 ‘das’
541 2471 582 2484 =
594 2457 776 2489 ‘concedis’
791 2456 894 2488 velim
910 2456 1067 2489 conferas
1083 2456 1151 2488 Cic.
1168 2456 1266 2489 Tusc.
1276 2456 1395 2498 Disp.1
1411 2457 1451 2488 11
1470 2456 1502 2497 (ἓ
1512 2456 1582 2496 25);

225 2506 343 2540 ‘dasne
356 2508 415 2540 aut
426 2517 565 2541 manere
578 2507 712 2540 animos
721 2509 798 2549 post
808 2509 953 2539 mortem
964 2508 1024 2539 aut
1034 2508 1142 2539 morte
1154 2505 1231 2548 ipsa
1242 2506 1404 2540 interire?
1420 2507 1470 2539 Do
1480 2507 1581 2540 vero’.

334 2558 362 2600 ⁸)
385 2558 433 2591 Cf.
451 2569 478 2592 c.
495 2558 566 2592 VIII
588 2557 890 2601 (238l11—10112):
914 2559 1037 2591 ‘sermo
1059 2560 1174 2590 autem
1197 2558 1318 2599 spiritu
1340 2560 1487 2591 structus
1510 2558 1581 2590 est’.
