1779 2958
239 207 465 249 Quaestiones
480 206 727 240 Tertullianeae
743 206 785 240 ad
806 206 931 239 librum
942 205 1114 239 Adversus
1131 205 1287 238 Praxean
1306 204 1524 247 pertinentes.
1576 201 1599 239 3

241 312 350 350 einer
369 310 898 361 Offenbarungsphilosophie
921 311 1003 350 und
1025 311 1088 350 die
1111 309 1180 349 auf
1198 309 1366 359 Skepsis,
1390 308 1483 347 aber
1500 309 1601 347 auch

241 374 310 412 aus
345 373 564 412 vertieftem
599 372 970 423 Lebensbediirfnis,
1009 371 1187 412 ruhende
1227 363 1498 420 Uberbietung
1534 370 1602 409 des

241 435 443 474 absoluten
464 434 833 473 Intellektualismus
856 435 926 474 der
947 435 1217 485 griechischen
1242 433 1490 482 Philosophie
1513 432 1601 470 sind

242 496 304 536 die
331 497 488 547 grossen,
515 508 630 534 wenn
658 496 758 534 auch
786 497 827 534 in
854 498 1040 546 gewisser
1057 497 1191 535 Weise
1214 496 1356 534 vorher
1383 496 1505 533 schon
1535 507 1602 533 an-

240 558 474 608 gebahnten,
503 558 767 608 Neuerungen
794 558 836 595 in
864 557 951 596 dem
976 558 1152 607 Systeme
1175 557 1360 596 Philo’s».
1400 556 1478 595 Sed
1505 557 1602 594 haec

242 623 282 659 et
298 622 390 660 nota
408 622 447 659 et
465 620 539 659 alio
558 620 643 659 loco
663 619 870 659 tractanda.
899 620 1014 660 Nunc
1034 621 1216 672 equidem
1236 621 1310 660 hoc
1329 632 1453 659 unum
1467 631 1600 671 premo

242 682 444 720 Philonem
468 694 523 731 ea,
548 694 647 731 quae
670 683 718 721 de
740 685 878 721 natura
897 685 1085 722 sermonis
1109 685 1322 723 docuerant
1341 684 1472 733 Stoici,
1495 695 1602 722 rece-

242 745 345 794 pisse
374 746 412 782 et
438 744 480 781 in
509 743 626 782 deum
660 756 955 795 sermonemque
990 746 1054 785 dei
1081 746 1342 795 transtulisse,
1376 746 1423 785 cf.
1445 746 1492 784 de
1522 745 1602 784 vita

241 805 362 844 Mosis
381 806 422 844 II
444 807 516 844 127
539 806 610 854 (ed.
639 806 746 844 Cohn
766 810 805 845 et
817 807 1037 845 Wendland
1054 808 1113 845 IV
1128 806 1309 856 229121):
1334 807 1460 844 διττὸς
1476 807 1550 852 γὰρ
1578 806 1600 843 6

244 865 360 909 λόγος
392 865 433 902 ἔν
459 876 500 901 τε
525 868 579 913 τῷ
611 867 724 903 παντὶ
754 867 816 903 καὶ
847 866 888 904 ἐν
921 867 1132 914 ἀνθρώπου
1165 868 1296 913 φύςει·
1332 867 1429 903 κατὰ
1461 867 1530 912 μὲν
1554 866 1600 903 τὸ

242 928 319 964 πᾶν
351 925 374 964 ὅ
400 938 441 964 τε
471 927 556 973 περὶ
581 929 661 965 τῶν
688 927 902 974 ἀςωμάτων
929 929 990 967 καὶ
1014 930 1375 976 παραδειγματικῶν
1402 928 1530 975 ἰδεῶν,
1562 927 1602 967 ἐξ

244 988 300 1025 ὧν
327 988 349 1025 ὁ
374 988 516 1033 νοητὸς
542 988 662 1034 ἐπάγη
690 989 841 1035 κόςμος,
868 991 929 1027 καὶ
956 990 978 1027 6
1003 991 1089 1037 περὶ
1105 993 1185 1028 τῶν
1204 990 1359 1037 ὁρατῶν
1387 1019 1393 1025 .
1416 1018 1423 1025 .
1444 1019 1451 1027 .
1478 990 1517 1028 ἐξ
1544 989 1601 1026 ὧν

243 1050 266 1087 6
298 1050 474 1096 αἰςθητὸς
501 1049 617 1087 οὗτος
643 1050 883 1088 ἀπετελεῖτο·
915 1051 956 1089 ἐν
988 1051 1184 1101 ἀνθρώπῳ
1212 1052 1246 1089 δ’
1271 1051 1293 1089 6
1322 1051 1390 1098 μὲν
1417 1051 1514 1089 ἐςτιν
1541 1051 1600 1089 ἐν-

243 1111 437 1158 διάθετος,
470 1112 492 1148 6
525 1113 568 1148 δὲ
598 1112 858 1159 προφορικός,
884 1114 978 1154 <καὶ
1005 1113 1027 1150 6
1055 1114 1155 1160 μὲν>
1187 1113 1253 1151 οἶά
1283 1125 1336 1151 τις
1362 1114 1476 1159 πηγή,
1509 1113 1532 1150 6
1558 1114 1602 1150 δὲ

242 1173 414 1217 γεγωνὸς
441 1173 502 1210 ἀπ’
522 1173 669 1210 ἐκείνου
697 1173 810 1220 ῥέων,
838 1176 886 1214 de
908 1177 1000 1215 Abr.
1017 1179 1066 1215 83
1090 1178 1159 1226 (IV
1182 1175 1312 1226 2018):
1344 1176 1407 1212 διὰ
1434 1176 1502 1221 μὲν
1526 1175 1601 1221 γὰρ

242 1235 310 1279 τῆς
342 1234 462 1281 ἠχοῦς
486 1235 555 1271 τὸν
587 1236 834 1281 προφορικὸν
861 1236 980 1281 λόγον
1012 1237 1226 1281 αἰνίττεται,
1260 1237 1323 1274 διὰ
1353 1238 1424 1274 τοῦ
1455 1237 1601 1283 πατρὸς

244 1295 288 1332 δέ
312 1296 382 1332 τὸν
414 1295 585 1342 ἡγεμόνα
620 1297 717 1333 νοῦν
745 1318 789 1323 -—
814 1298 940 1344 πατὴρ
973 1299 1048 1345 γὰρ
1080 1299 1103 1335 ὁ
1129 1298 1349 1337 ἐνδιάθετος
1383 1299 1496 1344 φύςει
1529 1299 1601 1335 τοῦ

242 1358 417 1400 γεγωνοῡ
442 1357 696 1403 πρεςβύτερός
720 1369 764 1402 γε
790 1358 847 1395 ὢν
866 1387 873 1394 .
894 1388 901 1395 .
921 1389 943 1403 .,.
967 1361 1014 1400 de
1037 1362 1148 1411 migr.
1167 1362 1256 1400 Abr.
1274 1363 1322 1399 71
1343 1362 1397 1410 (ΙΙ
1416 1360 1600 1409 282110);

244 1418 360 1462 λόγος
387 1447 394 1455 .
420 1447 428 1455 .
453 1447 460 1455 .
488 1418 510 1455 ὁ
537 1420 605 1465 μὲν
631 1422 730 1467 πηγῇ
758 1419 898 1464 ἔοικεν,
932 1420 954 1456 ὁ
986 1421 1030 1457 δὲ
1055 1420 1250 1469 ἀπορροῇ,
1281 1424 1381 1468 πηγῇ
1416 1422 1484 1467 μὲν
1511 1420 1534 1457 6
1561 1421 1603 1458 ἐν

243 1479 411 1527 διανοίᾳ,
442 1480 632 1526 προφορὰ
664 1481 708 1517 δὲ
738 1480 761 1526 ἡ
796 1482 860 1518 διὰ
890 1482 1078 1528 ςτόματος
1108 1483 1170 1519 καὶ
1200 1482 1372 1528 γλώττης
1404 1482 1601 1530 ἀπορροῇ;

242 1543 352 1581 vides
380 1543 507 1581 filium
537 1544 598 1582 vel
628 1544 912 1582 emanationem
940 1544 1101 1582 rationis
1131 1556 1348 1583 sermonem
1378 1545 1465 1583 dici.

350 1605 426 1643 Sed
454 1605 681 1655 priusquam
704 1606 800 1644 haec
821 1617 1109 1656 persequamur,
1138 1607 1322 1656 quoniam
1344 1607 1603 1646 Tertullianus

242 1666 315 1704 hoc
336 1667 422 1705 loco
447 1667 494 1705 de
515 1669 652 1705 natura
670 1668 861 1706 sermonis
881 1668 1045 1716 disserit,
1069 1668 1295 1718 diligentius
1314 1669 1603 1718 perlustremus,

242 1728 336 1777 quid
353 1728 400 1767 de
415 1729 480 1767 illa
495 1729 702 1767 docuerint
716 1729 846 1767 Stoici.
874 1729 1114 1779 Incipiamus
1129 1742 1152 1767 a
1165 1729 1249 1768 loco
1264 1730 1400 1769 Galeni
1412 1730 1485 1780 (De
1501 1730 1602 1769 Plac.

241 1790 425 1840 Hippocr.
438 1793 476 1829 et
490 1791 586 1829 Plat.
598 1791 638 1829 H
654 1793 697 1839 53
718 1791 776 1830 ed.
789 1791 951 1829 Kiith
967 1793 1043 1829 241
1058 1804 1160 1842 sqq.;
1184 1793 1296 1842 frgm.
1309 1793 1423 1831 Stoic.
1438 1792 1499 1830 ΙΠ
1513 1794 1602 1841 215,

240 1851 311 1901 fig.
332 1852 454 1901 291»,
485 1853 553 1902 qui
581 1853 730 1891 Stoicos
753 1853 913 1891 rationis
936 1853 1067 1891 sedem
1089 1854 1132 1891 in
1155 1853 1282 1902 corde,
1310 1866 1389 1892 non
1411 1854 1453 1891 in
1477 1855 1601 1905 capite

240 1914 416 1963 posuisse
445 1914 555 1964 dicit,
590 1916 770 1964 quoniam
801 1927 927 1954 sermo
956 1915 1003 1953 ab
1037 1915 1103 1953 illa
1131 1916 1357 1954 individuus
1391 1916 1483 1955 inde
1515 1929 1602 1966 pro-

240 1975 404 2022 feratur3
434 1976 629 2014 Zenonem
652 1977 819 2025 primum
843 1976 972 2015 affert:
1001 1974 1120 2020 Φωνή
1150 1976 1213 2012 διὰ
1242 1974 1445 2022 φάρυγγος
1470 1978 1601 2022 χωρεῖ.

241 2035 273 2074 εἰ
298 2037 342 2074 δὲ
366 2036 415 2083 ἦν
442 2036 518 2074 ἀπὸ
543 2038 614 2074 τοῦ
646 2036 866 2084 ἐγκεφάλου
893 2038 1090 2084 χωροῦςα,
1124 2036 1195 2074 οὐκ
1228 2036 1276 2075 ἂν
1303 2037 1367 2075 διὰ
1398 2036 1601 2084 φάρυγγος

241 2101 388 2149 ἐχώρει.
429 2101 521 2140 ὅθεν
557 2103 600 2139 δὲ
634 2102 767 2149 λόγος,
806 2103 868 2140 καὶ
901 2103 1016 2149 φωνὴ
1054 2102 1200 2140 ἐκεῖθεν
1232 2104 1362 2148 χωρεῖ.
1409 2102 1526 2147 λόγος
1557 2103 1601 2139 δὲ

241 2163 318 2201 ἀπὸ
346 2164 518 2202 διανοίας
543 2166 673 2211 χωρεῖ,
700 2164 787 2201 ῶςτ’
806 2164 878 2201 οὐκ
903 2164 945 2202 ἐν
962 2167 1017 2214 τῷ
1045 2164 1251 2213 ἐγκεφάλῳ
1278 2164 1374 2201 ἐςτὶν
1393 2164 1416 2210 ἡ
1436 2164 1600 2203 διάνοια.

239 2227 309 2263 τὸν
336 2226 456 2264 αὐτὸν
483 2227 530 2275 δὴ
557 2227 698 2264 τοῦτον
726 2226 845 2271 λόγον
871 2226 1099 2271 Διογένης
1124 2225 1163 2273 (6
1191 2226 1441 2270 Βαβυλώνιος
1459 2229 1526 2277 sc.)
1552 2226 1599 2263 οὐ

240 2288 337 2325 κατὰ
361 2288 432 2334 τὴν
459 2287 580 2334 αὐτὴν
607 2287 734 2336 ἐρωτᾷ
761 2287 871 2332 λέξιν,
896 2286 981 2325 ἀλλ’
1001 2287 1080 2336 ᾧδε
1106 2316 1115 2325 .
1139 2316 1146 2324 .
1174 2316 1181 2323 .
1209 2287 1311 2325 ἀλλὰ
1342 2288 1417 2334 μὴν
1443 2286 1600 2325 κάκεῖνο

241 2351 382 2398 ἀληθὲς
407 2353 452 2390 τὸ
478 2352 547 2390 τὸν
575 2352 694 2398 λόγον
720 2351 761 2390 ἐκ
784 2354 853 2398 τῆς
879 2351 1050 2390 διανοίας
1084 2351 1346 2398 ἐκπέμπεςθαι.
1384 2352 1479 2390 ἔνιοι
1503 2353 1600 2397 γοῦν

240 2414 302 2451 καὶ
339 2414 557 2461 ὁριζόμενοι
595 2414 715 2452 αὐτόν
750 2425 867 2461 φαςιν
901 2411 998 2451 εἶναι
1032 2413 1174 2460 φωνὴν
1209 2413 1485 2460 ςημαίνουςαν,
1523 2414 1600 2451 ἀπὸ

240 2478 413 2518 διανοίας
439 2479 739 2527 ἐκπεμπομένην.
783 2481 916 2531 Magni
951 2480 1138 2528 momenti
1174 2480 1235 2518 est
1271 2479 1479 2530 Chrysippi
1514 2491 1601 2519 sen-

352 2570 374 2610 ¹)
397 2569 545 2602 Afferam
568 2579 702 2611 semper
724 2568 889 2601 lectiones
912 2568 1075 2601 Iohannis
1097 2568 1141 2601 ab
1164 2568 1292 2601 Arnim.
1411 2611 1450 2645 1*
