1779 2958
175 174 232 211 44
266 178 303 209 L.
319 177 376 210 Ro
384 188 400 210 s
408 186 577 219 enmeye
585 187 611 216 r,
629 177 765 218 Quaest.
778 177 914 209 Tertull.
928 176 973 209 ad
988 176 1113 209 librum
1126 176 1301 209 Adversus
1312 176 1410 209 Prax.
1422 175 1543 217 pertin.

179 285 288 320 turos
305 294 371 320 eos
384 281 524 328 fuisse;
545 294 636 319 nam
651 280 856 319 ‘morituri’
871 281 920 319 ad
936 281 1105 330 Petrum,
1122 281 1345 329 Iohannem,
1360 280 1545 319 Iacobum

178 343 430 382 referendum
450 346 518 392 est,
538 354 617 381 non
637 342 686 381 ad
706 342 914 392 Christum,
934 343 1002 392 qui
1020 343 1063 380 in
1082 343 1212 381 monte
1226 341 1350 380 Tabor
1367 343 1545 380 mortuus

180 417 259 444 non
284 408 352 454 est,
382 405 451 444 sed
480 416 704 455 passurus
732 405 966 455 nominatur,
996 405 1089 455 quia
1113 404 1433 443 clarificationem
1454 403 1544 442 sub—

177 468 360 516 sequitur
386 468 535 516 passio;
565 467 775 505 morituri
801 467 1050 517 participium
1078 466 1199 516 igitur
1220 466 1432 504 sententiae
1459 466 1544 504 loco

178 529 371 578 scriptum
395 531 463 578 est,
486 530 531 566 ut
553 540 667 579 saepe
690 529 939 579 participium
960 528 1101 575 futuri3
1126 528 1173 566 cf.
1194 539 1226 566 e.
1241 540 1276 578 g.
1297 527 1467 566 Senecae
1486 527 1544 566 De

180 592 261 629 vita
281 591 393 629 beata
418 592 500 640 1,1:
531 590 948 641 ‘circumspiciendum,
977 603 1053 640 qua
1076 589 1309 629 contendere
1333 589 1403 629 illo
1426 590 1546 628 celer·

180 654 278 691 rime
307 653 514 702 possimus,
542 653 780 691 intellecturi
808 653 849 690 in
877 654 961 703 ipso
984 653 1124 691 itinere
1145 682 1153 690 .
1173 682 1181 690 .
1201 681 1209 690 .
1239 653 1426 702 quantum
1451 652 1546 690 coti-

179 715 246 754 die
262 715 516 765 profligetur’.
553 715 657 765 Ergo
673 716 766 765 ‘qui'
781 717 929 754 rectum
949 727 1028 753 non
1045 718 1114 753 est.
1152 715 1293 753 Utrum
1314 726 1406 753 cum
1420 713 1546 763 Kroy-

182 789 327 815 manno
356 781 552 815 mutemus
581 777 757 815 ordinem
784 777 995 825 verborum
1021 788 1157 826 necne,
1185 789 1266 815 non
1294 776 1459 815 multum
1487 776 1546 813 in-

181 840 330 877 terest..
351 839 542 889 Equidem
568 839 713 878 scribo:
744 840 992 889 ‘quamquam
1015 842 1054 877 et
1075 839 1181 876 illam
1203 850 1331 888 neque
1354 838 1437 888 ipse
1461 838 1546 876 sine

181 900 357 950 periculo
391 901 552 939 luminis
582 905 766 951 expertus
795 905 862 950 est,
896 912 1023 950 neque
1051 900 1191 938 Petrus
1221 903 1260 938 et
1286 900 1479 938 Iohannes
1509 901 1548 938 et

182 961 347 1001 Iacobus
382 963 467 1002 sine
499 964 660 1002 rationis
696 964 813 1002 etiam
847 964 1075 1012 mentisque,
1108 963 1143 1000 si
1174 974 1254 1000 non
1287 962 1439 1012 passuri
1471 961 1547 1000 filii

182 1026 354 1074 gloriam,
383 1025 452 1062 sed
480 1028 626 1074 patrem
655 1024 854 1072 vidissent,
884 1024 1009 1072 credo,
1039 1024 1219 1061 morituri
1245 1023 1416 1061 ibidem'.
