1779 2958
222 180 447 223 Quaestiones
457 179 706 212 Tertullianeae
722 179 766 211 ad
778 179 903 211 librum
917 179 1089 211 Adversus
1100 178 1255 211 Praxean
1266 179 1484 220 pertinentes,
1524 177 1574 214 33

222 296 312 333 ergo
347 283 468 321 facies
504 282 578 320 erit
611 282 686 319 filii
721 283 840 331 pater.
869 280 1019 330 (25311)
1055 293 1145 318 nam
1181 284 1220 319 et
1254 281 1445 331 scriptura
1480 282 1573 331 quid

222 345 343 384 dicit?
378 343 573 394 spiritus
607 343 708 382 eius
741 354 940 393 persona
973 342 1190 381 Christus
1226 342 1447 381 dominus.
1484 355 1574 394 ergo

220 407 255 445 si
273 406 450 445 Christus
471 416 637 455 persona
657 405 810 455 paterni
831 405 990 455 spiritus
1012 408 1081 454 est,
1107 405 1245 444 merito
1275 404 1388 443 cuius
1416 405 1573 454 spiritus

219 479 385 518 persona
421 471 512 516 erat,
547 467 587 504 id
622 470 681 505 est
714 468 850 517 patris,
888 467 974 505 eius
1006 467 1150 505 faciem
1184 478 1305 515 suam,
1343 478 1392 504 ex
1428 466 1575 504 unitate

219 529 378 579 scilicet,
407 529 679 579 pronuntiavit.
713 529 812 567 mira
837 540 900 568 res
928 529 1051 580 plane,
1080 541 1130 567 an
1152 530 1205 578 (5)
1226 529 1348 568 facies
1370 529 1446 567 filii
1468 532 1576 579 pater

220 591 345 640 accipi
361 590 493 640 possit,
516 590 584 639 qui
603 591 662 628 est
684 591 800 640 caput
818 591 912 629 eius.
942 592 1080 642 caput
1107 591 1227 629 enim
1251 591 1423 630 Christi
1449 591 1573 630 deus.

327 686 369 718 79
392 685 530 727 spiritus
551 688 746 728 (genetivum
768 687 931 729 intelleye)
954 687 1027 720 eius
1049 697 1197 729 persona
1217 688 1271 720 Kr
1293 688 1349 730 (of.
1371 689 1443 720 adv.
1467 688 1573 720 Marc.

219 738 285 768 III
297 737 346 779 6):
369 737 508 778 spiritus
532 746 699 778 personae
722 737 795 770 eius
818 738 902 770 PMF
914 748 922 778 ;
966 738 1010 780 80
1032 748 1180 779 persona
1198 740 1330 780 paterni
1350 740 1489 781 spiritus
1504 739 1575 771 Kr:

218 797 387 830 personae
402 789 565 829 paternae
582 788 718 829 spiritus
730 789 829 830 PMF;
846 789 943 822 cuius
958 789 1096 831 spiritus
1113 790 1192 823 Urs:
1208 791 1347 832 spiritus
1363 791 1459 824 cuius
1470 791 1574 831 PMF;

218 840 259 872 81
288 848 435 880 persona
457 839 552 879 PMF,
582 849 749 880 personae
772 840 855 881 Iun,
886 851 979 882 quem
1000 842 1151 882 sequitur
1176 840 1350 882 0ehlems3
1380 842 1454 874 eius
1477 842 1575 881 PMF,

219 900 296 923 eum
323 890 397 931 Ure,
428 899 520 930 quem
547 895 733 931 sequuntur
753 891 924 932 Rigaltiua
947 897 976 923 et
1002 892 1173 931 Oehlerus;
1223 893 1265 924 82
1291 892 1378 924 mira
1404 902 1459 924 res
1488 892 1575 923 Ure:

217 941 361 973 mirarer
374 940 478 980 PMF;
522 941 565 973 83
581 942 655 973 eius
670 942 705 982 P,
721 942 793 974 eius
807 938 878 983 X—pf
887 943 946 974 FM
962 942 1058 983 (erue.
1074 936 1140 983 X‘ffi
1153 952 1196 974 m.
1212 942 1255 984 1).

325 1028 407 1067 Iam
435 1028 484 1067 ad
511 1029 841 1080 interpretandum
868 1031 1124 1081 accingamur.

327 1093 360 1129 1.
383 1091 566 1130 Dilucida
585 1094 644 1129 est
665 1092 785 1130 thesis
804 1089 1032 1140 (25013-27
1054 1092 1117 1130 vel
1138 1089 1452 1140 19130-20122),
1473 1103 1572 1140 quae

218 1152 424 1191 deducitur
457 1165 506 1192 ex
539 1154 855 1203 interpretatione
889 1154 1029 1191 veteris
1062 1154 1296 1202 testamenti,
1331 1165 1448 1202 quam
1483 1165 1574 1191 con-

217 1213 400 1252 diderunt
418 1214 529 1253 Philo
550 1216 588 1253 et
606 1215 675 1263 qui
693 1217 781 1253 ante
802 1226 890 1253 eum
909 1215 1082 1253 fuerunt:
1108 1215 1202 1253 deus
1221 1216 1276 1252 ita
1295 1218 1354 1253 est
1372 1218 1572 1264 separatus

217 1277 255 1313 et
288 1276 489 1323 seiunctus
522 1277 569 1314 ab
599 1277 765 1325 homine,
799 1280 844 1314 ut
869 1288 949 1314 non
976 1277 1071 1326 ipse,
1105 1276 1173 1314 sed
1200 1287 1271 1326 per
1297 1275 1572 1313 intermedium

217 1337 411 1387 quendam
445 1350 534 1376 cum
567 1350 612 1377 eo
645 1338 834 1388 loquatur.
881 1338 957 1377 Hic
991 1337 1050 1377 est
1083 1337 1146 1376 dei
1179 1337 1314 1386 λόγος,
1354 1337 1417 1376 dei
1451 1337 1571 1393 filius,

216 1399 396 1448 vicarius,
429 1400 588 1449 legatus,
621 1399 757 1438 mundi
788 1412 866 1438 non
894 1400 1017 1437 solum
1046 1402 1205 1447 creator,
1240 1398 1308 1436 sed
1337 1399 1454 1436 etiam
1481 1410 1573 1436 con-

215 1464 402 1510 servator,
440 1462 508 1510 qui
543 1473 613 1511 per
648 1463 777 1499 omnia
808 1463 910 1500 meat
942 1463 1001 1510 (ut
1032 1461 1248 1499 Stoicorum
1284 1459 1409 1508 deus),
1446 1460 1571 1509 prima

214 1522 388 1560 omnium
417 1524 627 1572 δυνάμεων,
657 1535 774 1572 quem
802 1523 915 1561 etiam
945 1523 1083 1569 εοφίαν
1108 1521 1239 1559 dicere
1261 1521 1386 1570 possis
1413 1521 1477 1570 (cf.
1496 1521 1569 1570 leg.

214 1583 367 1633 allegor.
387 1584 406 1621 I
427 1585 488 1633 65,
511 1584 534 1622 l.
556 1596 586 1622 c.
606 1584 625 1622 Ι
646 1585 706 1633 78,
728 1585 768 1629 1;
803 1583 896 1630 αὕτη
926 1583 1169 1629 ἐκπορεύεται
1198 1583 1239 1620 ἐκ
1265 1585 1333 1628 τῆς
1355 1582 1477 1628 Ἐδὲμ,
1504 1584 1571 1628 τῆς

212 1647 284 1683 τοῦ
322 1647 416 1684 θεοῦ
454 1646 607 1693 εοφίαε·
644 1648 666 1692 ἡ
705 1646 747 1682 δέ
784 1644 881 1682 ἑετιν
919 1644 941 1682 ὁ
979 1647 1073 1683 θεοῦ
1110 1644 1263 1693 λόγο();
1302 1643 1405 1682 idem
1439 1646 1568 1681 tamen

212 1707 390 1745 minister
413 1707 478 1745 dei
500 1711 567 1756 est,
594 1707 698 1745 idem
717 1707 895 1745 Abrahae
924 1719 965 1745 se
992 1707 1184 1745 visibilem
1207 1707 1408 1757 praestitit.
1445 1707 1570 1744 Audit

212 1770 339 1818 imago
363 1769 425 1808 dei
449 1769 510 1807 vel
533 1770 706 1818 qualitas,
730 1769 816 1807 aliis
838 1772 966 1806 tamen
988 1768 1084 1806 locis
1106 1772 1152 1806 ut
1168 1780 1342 1818 persona,
1365 1769 1569 1807 ὑπόεταειε

212 1830 426 1880 inducitur,
464 1831 635 1870 secunda
670 1831 826 1881 quidem
863 1843 886 1868 a
922 1830 1008 1878 deo,
1046 1830 1114 1868 sed
1151 1842 1267 1879 quam
1302 1830 1465 1880 primam
1503 1830 1568 1868 ille

213 1893 359 1931 creavit
385 1893 471 1943 (leg.
491 1893 550 1931 all.
570 1893 630 1931 ΙΠ
651 1894 738 1942 175,
766 1893 790 1931 l.
811 1905 842 1931 c.
861 1893 881 1930 I
902 1893 988 1941 151,
1009 1893 1079 1929 29;
1117 1893 1177 1929 καὶ
1212 1892 1234 1929 ὁ
1270 1893 1390 1936 λόγος
1424 1894 1468 1930 δὲ
1497 1894 1568 1930 τοῦ

212 1956 306 1993 θεοῦ
341 1954 522 2001 ὑπεράνω
557 1955 702 1993 παντός
737 1954 810 1993 {cn
843 1956 913 1992 τοῦ
948 1954 1090 2000 κόεμου
1125 1954 1184 1990 καὶ
1217 1953 1480 2000 πρεεβύτατο(
1510 1954 1570 1992 καὶ

210 2019 462 2062 γενικώτατοε
489 2020 569 2055 τῶν
598 2016 669 2055 ὅεα
695 2016 853 2065 γέγονε).
893 2014 1052 2065 Singula
1074 2027 1179 2053 nunc
1200 2014 1319 2053 verba
1340 2015 1570 2053 Tertulliani

209 2078 503 2128 perpendamus.
541 2077 719 2127 ‘Adhuc’,
748 2077 853 2127 quod
879 2078 1001 2128 primo
1028 2088 1144 2115 versu
1168 2078 1355 2127 scriptum
1377 2076 1568 2126 videmus,

211 2140 409 2190 Significat
428 2141 570 2189 zudem,
599 2140 783 2188 ἰἳόενάἱοες
814 2140 861 2178 cf.
883 2140 939 2178 De
962 2140 1089 2178 anima
1111 2151 1142 2177 c.
1155 2138 1244 2177 LVI
1262 2139 1391 2188 (Reiff.
1413 2139 1567 2188 390l7):

210 2202 351 2240 ‘adhuc
379 2201 529 2240 addam’
558 2202 730 2252 aliosque
758 2203 864 2241 locos
891 2203 939 2252 (V.
958 2202 1010 2239 th.
1030 2201 1071 2239 L.
1091 2200 1132 2238 L.
1152 2201 1171 2238 I
1196 2198 1366 2247 661l843
1392 2199 1567 2250 662130).

208 2264 305 2301 Tum
333 2264 567 2302 ‘invenimus
597 2264 729 2301 enim’
761 2261 1063 2312 (25019-2014)
1091 2262 1190 2299 bene
1222 2273 1264 2299 se
1296 2261 1488 2312 adjungit,
1523 2264 1569 2300 ut

208 2336 369 2365 necesse
388 2337 466 2364 non
486 2325 537 2363 sit
554 2337 643 2364 cum
662 2325 912 2375 Kroymanno
931 2327 1080 2363 mutare
1097 2323 1140 2361 in
1153 2323 1387 2362 ‘invenimus
1402 2325 1565 2363 autem':

206 2389 337 2428 zudem
366 2388 456 2438 kaft
483 2401 555 2428 uns
581 2389 642 2427 die
663 2388 784 2439 Reqel,
813 2389 873 2427 die
902 2388 987 2426 Gott
1015 2387 1072 2425 als
1098 2386 1360 2425 unsichtbaren
1387 2387 1567 2426 bestimmt

207 2450 291 2489 hat:
312 2463 387 2489 wer
403 2450 471 2489 ilm
489 2450 595 2500 sicht,
614 2451 705 2501 muss
722 2449 882 2496 ster-bem
902 2449 1001 2488 donn
1019 2449 1090 2487 wir
1104 2447 1234 2498 finden
1255 2478 1262 2485 .
1285 2477 1292 2485 .
1310 2478 1317 2486 .
1351 2447 1461 2487 Duae
1479 2460 1567 2487 sen-

207 2513 350 2552 tentiae
373 2514 643 2563 proponuntur
671 2525 692 2551 e
720 2513 910 2562 scriptura
937 2512 1099 2561 petitae:
1130 2510 1226 2549 deus
1256 2515 1314 2549 est
1346 2511 1564 2561 invisibilis,

271 2597 345 2629 xlv,
363 2597 385 2624 1,
1202 2603 1206 2606 ·
1371 2585 1392 2617 3
