1779 2958
799 641 997 693 VITA.

331 777 454 816 Natus
488 790 575 817 sum
607 778 830 818 Ludovicus
862 779 1127 828 Rosenmeyer
1153 779 1268 818 Metis
1297 779 1331 817 d.
1353 780 1454 818 XIX
1482 780 1581 819 Dec.

223 839 316 877 anni
338 839 725 879 MDCCGLXXXVI
752 843 860 891 patre
882 841 1056 891 Iosepho,
1084 843 1205 880 matre
1227 841 1387 880 Sidonia
1414 854 1435 880 e
1462 844 1582 892 gente

222 901 496 951 Rosenmeyer.
537 902 648 940 Fidei
683 902 859 941 addictus
895 914 982 940 sum
1014 902 1206 941 Iudaicae.
1249 905 1448 941 Autumno
1485 904 1577 941 anni

222 962 509 1002 MDCCCXOII
522 964 565 1002 in
580 963 754 1003 ordinem
771 964 1049 1014 discipulorum
1063 964 1184 1013 Lycei
1198 964 1384 1003 Metensis
1398 966 1582 1015 receptus

223 1036 320 1073 sum,
338 1025 444 1063 unde
464 1027 608 1063 aestate
627 1027 720 1063 anni
733 1026 909 1078 MCMIV
926 1027 1159 1063 maturitatis
1177 1028 1396 1064 testimonio
1417 1029 1575 1064 ornatus

222 1087 524 1136 Argentoratum
562 1099 624 1126 me
664 1087 831 1136 contuli,'
863 1086 933 1126 ubi
969 1087 1258 1137 philosophicae
1296 1089 1471 1127 facultati
1511 1088 1577 1127 ad-

222 1149 387 1197 scriptus
406 1160 503 1186 sum.
531 1149 600 1186 Bis
624 1160 693 1186 sex
715 1161 868 1187 menses
891 1149 947 1186 ibi
969 1153 1140 1186 moratus
1162 1161 1232 1198 per
1252 1162 1375 1187 unum
1395 1154 1582 1188 semestre

220 1210 394 1249 Berolini
421 1211 560 1249 litteris
589 1210 731 1259 studui,
758 1209 829 1249 ubi
858 1209 1075 1249 docuerunt
1101 1222 1163 1249 me
1186 1211 1261 1249 viri
1283 1211 1572 1250 humanissimi:

221 1273 339 1322 Diels,
361 1274 535 1324 Ebeling,
559 1273 685 1323 Helm,
709 1273 935 1322 Imelmann,
960 1273 1020 1312 W.
1041 1273 1215 1323 Schulze‚
1239 1274 1408 1323 Simmel‚
1430 1274 1576 1323 Tobler,

220 1349 255 1374 v,
278 1335 844 1375 Wilamowitz-Moeflendorff.
892 1336 1050 1374 Aestate
1087 1336 1179 1373 anni
1216 1335 1390 1373 MOMVI
1426 1337 1576 1386 Argen-

219 1401 388 1438 toratum
413 1411 603 1448 reversus,
631 1401 835 1449 postquam
863 1399 940 1436 iam
965 1399 1211 1448 Argentorati
1235 1400 1274 1436 et
1296 1398 1470 1437 Berolini
1493 1411 1578 1448 pro-

222 1462 428 1499 seminario
461 1461 633 1509 interfui,
666 1472 736 1510 per
762 1462 823 1498 ter
849 1472 920 1498 sex
946 1472 1101 1498 menses
1130 1460 1328 1497 seminarii
1355 1460 1579 1509 philologici

222 1523 286 1561 cui
318 1522 570 1561 moderantur
596 1522 748 1561 Keilius
782 1524 821 1561 et
851 1522 1187 1570 Reitzensteinius,
1221 1520 1363 1559 sodalis
1391 1521 1451 1559 fui
1479 1520 1584 1559 ordi-

220 1585 365 1622 narius.
388 1584 594 1623 Praeterea
611 1585 774 1622 interi-ui
792 1584 1010 1622 seminariis
1025 1583 1289 1633 philosophico
1305 1586 1344 1621 et
1357 1583 1578 1621 Romanico.

221 1644 450 1684 Docuerunt
475 1658 538 1684 me
562 1646 810 1696 Argentorati
837 1646 913 1683 viri
939 1644 1146 1695 praeclari:
1181 1644 1416 1694 Baeumker,
1451 1644 1579 1693 Gillot,

222 1706 403 1757 Groeber,
431 1708 530 1755 Keil,
554 1708 675 1757 Klotz,
698 1708 915 1756 Neumann,
937 1707 1209 1755 Reitzenstein,
1233 1707 1393 1756 Ziegler.
1429 1706 1581 1752 Quibus

222 1770 402 1807 omnibus
438 1770 625 1807 maximas
662 1781 733 1818 ago
769 1769 927 1818 gratias,
966 1769 1173 1818 praecipue
1211 1769 1338 1805 autem
1376 1768 1505 1805 Keilio
1542 1770 1582 1806 et

221 1825 533 1879 Reitzensteinio3
567 1831 636 1879 qui
664 1842 816 1880 semper
843 1842 904 1868 me
933 1842 1084 1868 summa
1112 1830 1292 1868 comitate
1320 1833 1435 1879 atque
1463 1830 1585 1868 bene-

222 1893 389 1931 volentia
417 1892 658 1931 adiuverunt.

771 2195 1029 2199 -.-
1557 2132 1694 2206 ΚΛ
