1779 2958
184 171 236 208 22
629 175 794 216 Ludwig
817 176 1111 216 Rosenmeyer,

184 276 518 326 (229126-3117)
532 279 577 326 ι);
602 279 727 327 ‘quasi
749 290 826 316 non
848 278 906 316 sic
925 289 1079 326 quoque
1100 289 1202 315 unus
1222 278 1273 316 sit
1292 279 1431 326 omnia,
1455 278 1548 316 dum

185 349 236 376 ex
264 351 343 377 uno
373 340 512 387 omnia,
540 351 611 388 per
633 338 922 376 substantiae
951 338 1102 376 scilicet
1122 339 1322 388 unitatem,
1351 341 1390 377 et
1411 339 1549 377 nihilo-

184 400 316 438 minus
335 400 575 439 custodiatur
597 400 839 439 oikonomiae
862 401 1156 449 sacramentum,
1180 412 1279 450 quae
1299 401 1488 439 unitatem
1506 401 1549 438 in

185 462 398 500 trinitatem
414 462 593 511 disponit,
609 465 687 499 tres
703 462 891 500 dirimens
908 465 931 508 <
943 465 1014 508 et>
1030 463 1179 511 patrem
1194 465 1234 500 et
1247 462 1375 499 filium
1387 465 1427 500 et
1437 462 1550 512 spiri—

184 527 268 562 tum
280 527 469 572 sanctum,
481 525 560 561 tres
573 525 700 562 autem
713 535 793 562 non
805 525 916 573 statu,
929 522 1000 562 sed
1010 522 1144 573 gradu,
1155 534 1231 562 nec
1243 523 1467 573 substantia,
1481 522 1550 562 sed

185 586 319 636 forma,
339 598 412 625 nec
430 587 632 637 potestate,
651 586 719 625 sed
740 587 882 636 specie,
904 586 1023 625 unius
1042 587 1170 624 autem
1190 585 1430 624 substantiae
1449 616 1457 624 .
1479 615 1487 623 .
1507 586 1548 633 .';

187 660 218 686 c.
237 647 666 697 111(231l18—4l28):
697 648 789 686 ‘tam
818 647 1062 686 consortibus
1090 647 1329 685 substantiae
1358 648 1489 697 patris’
1513 649 1552 685 et

184 710 300 760 paulo
315 711 417 748 infra
430 712 475 760 (c.
491 710 548 748 IV
566 711 676 758 inc.):
697 711 883 749 ‘ceterum
900 710 969 760 qui
982 710 1110 748 filium
1123 722 1202 748 non
1217 710 1373 749 aliunde
1389 710 1551 759 deduco,

186 771 255 810 sed
268 772 316 809 de
329 772 546 810 substantia
559 773 678 822 patris
691 802 698 809 .
711 802 718 810 .
729 773 762 820 .’,
778 784 809 809 c.
819 771 960 809 XXVI
974 769 1081 820 (2781
1090 769 1326 820 13-4314);
1343 771 1549 820 ‘quod<si>

187 833 284 872 deus
305 833 369 872 dei
387 839 594 883 tamquam,
614 834 857 872 substantiva
873 845 948 882 res,
969 845 1045 871 non
1067 834 1140 872 erit
1153 834 1236 884 ipse
1252 834 1359 883 deus,
1378 834 1447 872 sed
1463 834 1552 872 hac-

186 898 303 934 tenus
327 895 434 944 deus,
459 907 536 945 qua
555 907 605 934 ex
624 896 748 945 ipsius
772 895 835 933 dei
858 895 1145 944 substantia’²);
1169 896 1217 934 cf.
1237 898 1438 946 praeterea
1453 895 1551 934 Adv.

187 958 371 1007 Hei-mog.
389 970 419 996 c.
434 957 494 995 III
512 955 692 1006 (128121)
707 958 872 996 ‘scilicet
891 957 986 996 deus
1010 958 1248 997 substantiae
1261 959 1385 1008 ipsius
1399 970 1552 1007 nomen,

188 1020 229 1056 id
258 1021 318 1058 est
351 1019 580 1068 divinitatis,
616 1019 796 1057 dominus
823 1031 914 1058 vero
944 1032 1021 1057 non
1056 1020 1310 1070 substantiae,
1345 1020 1414 1059 sed
1446 1022 1554 1070 pote-

189 1081 308 1119 statis.
339 1081 557 1118 substantia
576 1092 728 1130 semper
746 1078 822 1118 fuit
842 1092 931 1118 cum
951 1092 1021 1118 suo
1042 1081 1209 1130 nomine,
1229 1080 1334 1130 quod
1353 1084 1413 1120 est
1432 1081 1551 1119 deus’.

190 1142 339 1181 Similia
363 1146 402 1180 et
420 1142 656 1192 Hippolytus
675 1142 791 1180 affert
811 1143 872 1180 Hic
892 1144 963 1188 τὴν
983 1143 1125 1189 αἵρεειν
1142 1143 1294 1189 Νοήτου
1313 1143 1415 1181 τινὸε
1435 1155 1465 1181 c.
1477 1143 1554 1180 VH

188 1205 338 1255 (Migne
361 1206 421 1248 10,
440 1218 489 1245 813
498 1206 554 1251 A):
580 1205 634 1242 Τὸ
657 1205 731 1251 γὰρ
755 1204 902 1251 ’ἐεμὲν’
928 1203 999 1242 οὒκ
1023 1203 1085 1251 ἐφ’
1106 1205 1193 1242 ἑνὸς
1214 1204 1438 1254 λεγόμενον,
1463 1204 1552 1243 ἀλλ’

188 1268 248 1305 ἐπὶ
269 1269 449 1313 <δυοῑν>
471 1267 541 1305 δύο
571 1266 760 1313 πρόςωπα
789 1267 939 1315 ἔδειξεν,
970 1268 1130 1313 δύναμιν
1154 1269 1197 1305 δὲ
1226 1269 1311 1315 μίαν
1324 1268 1362 1316 ³).
1393 1268 1431 1306 O.
1455 1267 1554 1306 XIV

187 1329 278 1376 (821
300 1330 349 1376 A)
384 1330 474 1367 Δύο
509 1330 578 1374 μὲν
613 1328 686 1366 οὐκ
720 1329 798 1376 ἐρῶ
834 1329 965 1377 Θεούς,
1001 1328 1083 1366 ἀλλ’
1109 1329 1131 1374 ἢ
1167 1329 1250 1377 ἕνα,
1285 1329 1475 1376 πρόεωπα
1511 1330 1554 1367 δὲ

188 1390 278 1439 δύο,
313 1389 513 1439 οἰκονομίᾳ
522 1390 553 1438 4)
590 1392 633 1428 δὲ
666 1391 795 1437 τρίτην
828 1391 899 1436 τὴν
933 1389 1043 1437 χάριν
1075 1392 1148 1428 τοῦ
1183 1390 1295 1435 ἁγίου
1329 1390 1553 1437 πνεύματος.

188 1452 306 1490 Nunc
340 1451 389 1489 ad
422 1451 693 1489 Novatianum.
738 1452 784 1489 In
817 1452 907 1489 libri
935 1451 994 1489 De
1026 1451 1211 1491 Trinitate
1240 1453 1366 1502 capite
1394 1452 1555 1490 XXVII

189 1512 337 1562 (Migne
367 1514 402 1561 3,
433 1513 490 1551 ed.
511 1514 546 1561 2,
569 1514 684 1562 1865,
713 1525 748 1563 p.
766 1514 843 1551 966
857 1513 904 1562 B)
932 1513 1098 1564 legimus
1132 1514 1339 1564 scriptum:
1369 1514 1437 1552 ‘At
1464 1525 1555 1553 cum

191 1587 278 1624 ego
318 1575 426 1624 dicit,
468 1574 610 1614 deinde
646 1577 795 1625 patrem
831 1576 966 1624 infert,
1004 1575 1168 1614 dicendo
1208 1587 1295 1626 ego
1333 1579 1378 1615 et
1414 1577 1556 1625 pater

191 1637 465 1686 proprietatem
493 1649 682 1686 personae
711 1649 815 1686 suae,
843 1637 884 1674 id
908 1639 966 1675 est
987 1638 1071 1686 filii,
1101 1650 1123 1675 a
1145 1641 1306 1687 paterna
1329 1639 1555 1676 auctoritate

192 1698 381 1736 discernit
408 1701 524 1748 atque
553 1699 766 1749 distinguit,
795 1710 873 1735 non
896 1698 1161 1736 tantummodo
1185 1698 1233 1737 de
1256 1710 1352 1737 sono
1376 1699 1554 1748 nominis,

191 1760 259 1798 sed
288 1760 401 1797 etiam
428 1759 475 1797 de
499 1759 634 1798 ordine
659 1759 868 1809 dispositae
890 1760 1100 1809 potestatis,
1125 1790 1132 1798 .
1154 1791 1161 1798 .
1182 1791 1190 1798 .
1215 1761 1347 1799 Unum
1371 1790 1379 1798 .
1400 1790 1407 1798 .
1429 1790 1436 1797 .
1460 1772 1556 1798 neu-

189 1822 338 1860 traliter
359 1821 528 1872 positum
552 1821 748 1860 societatis
772 1821 1029 1870 concordiam,
1058 1833 1137 1860 non
1159 1822 1346 1861 unitatem
1369 1832 1556 1872 personae

191 1884 331 1922 sonat’.
361 1884 401 1921 C.
417 1884 556 1921 XXXI
575 1885 667 1932 (978
680 1885 748 1930 A):
779 1884 855 1921 ‘Ex
879 1896 955 1933 quo
976 1914 983 1921 .
1004 1914 1012 1921 .
1034 1914 1041 1922 .
1066 1896 1192 1922 sermo
1212 1885 1321 1923 filius
1342 1885 1455 1921 natus
1476 1885 1553 1921 est:

191 1946 259 1995 qui
278 1958 357 1984 non
376 1946 418 1983 in
442 1957 536 1984 sono
556 1947 731 1996 percussi
761 1945 861 1984 aeris
886 1948 953 1983 aut
974 1947 1066 1984 tono
1091 1948 1247 1985 coactae
1271 1946 1318 1985 de
1341 1944 1556 1983 visceribus

305 2058 326 2099 ¹)
350 2059 398 2090 De
421 2058 486 2090 hoc
507 2058 584 2089 loco
607 2057 698 2089 infra
720 2057 952 2098 disputaturus
976 2067 1051 2090 sum
1074 2058 1119 2100 (p.
1136 2058 1199 2100 24).

301 2111 326 2152 ²)
347 2110 560 2142 Harnackius
583 2109 689 2142 credit
712 2109 965 2142 distinctionem
980 2110 1069 2143 inter
1083 2119 1265 2151 personam
1281 2111 1315 2141 et
1330 2108 1556 2142 substantiam

191 2172 234 2193 ex
258 2162 342 2194 iuris
367 2161 601 2194 consultorum
629 2171 695 2193 usu
718 2161 872 2193 venisse:
902 2160 1054 2202 pluribus
1082 2160 1238 2203 personis
1266 2170 1337 2192 una
1365 2159 1557 2192 substantia

191 2215 305 2247 inesse
328 2216 450 2257 potest,
473 2214 534 2247 uni
556 2223 724 2256 personae
747 2214 862 2256 plures
884 2213 1095 2247 substantiae
1117 2213 1172 2254 (cf.
1189 2222 1263 2254 cap.
1278 2211 1396 2245 XXVII
1418 2213 1451 2244 et
1472 2210 1557 2243 Har-

192 2266 352 2298 nackium
374 2266 395 2298 1.
411 2276 438 2298 c.
456 2266 478 2297 1.
495 2265 582 2306 555).

302 2316 328 2356 ³)
351 2316 406 2348 Sic
430 2316 516 2348 haec
539 2316 645 2348 verba
669 2325 689 2347 a
711 2315 979 2347 Reitzensteinio
1002 2315 1159 2347 restituta
1182 2315 1277 2353 sunt,
1306 2322 1383 2345 cum
1412 2312 1558 2345 obscura

192 2365 238 2397 eit
261 2366 416 2398 codicum
438 2366 558 2399 lectio:
581 2367 628 2398 Τὸ
651 2367 717 2406 γὰρ
746 2366 877 2405 ‘genev'
900 2366 963 2397 οὐκ
986 2366 1042 2406 ἐφ’
1059 2366 1137 2398 ἑνὸς
1161 2365 1302 2403 λέγεται,
1327 2363 1398 2395 ἀλλ’
1416 2362 1469 2395 ἐπὶ
1493 2363 1556 2395 δύο

193 2418 363 2457 πρόςωπα
387 2418 510 2451 ἔδειξεν
527 2444 533 2450 .
552 2444 558 2450 .
578 2444 583 2450 .

304 2468 331 2509 ⁴)
352 2468 609 2501 Reitzensteinii
633 2468 875 2508 coniecturam,
899 2467 956 2509 qui
981 2467 1138 2500 codicum
1159 2466 1341 2499 lectionem
1358 2465 1558 2505 οἰκονομίαν

193 2518 338 2552 mutavit
361 2518 397 2551 in
421 2518 610 2561 οἰκονομίᾳ,
633 2519 669 2552 in
693 2521 889 2553 contextum
913 2518 1037 2561 recepi.
