<?xml version="1.0" encoding="UTF-8"?>
<!DOCTYPE html PUBLIC "-//W3C//DTD XHTML 1.0 Transitional//EN"
    "http://www.w3.org/TR/xhtml1/DTD/xhtml1-transitional.dtd">
<html xmlns="http://www.w3.org/1999/xhtml" xml:lang="en" lang="en">
 <head>
  <title>
</title>
<meta http-equiv="Content-Type" content="text/html;charset=utf-8" />
  <meta name='ocr-system' content='tesseract 3.04.00' />
  <meta name='ocr-capabilities' content='ocr_page ocr_carea ocr_par ocr_line ocrx_word'/>
</head>
<body>
  <div class='ocr_page' id='page_1' title='image "4737348_0021.png"; bbox 0 0 1779 2958; ppageno 0'>
   <div class='ocr_carea' id='block_1_1' title="bbox 243 188 1599 233">
    <p class='ocr_par' dir='ltr' id='par_1_1' title="bbox 243 188 1599 233">
     <span class='ocr_line' id='line_1_1' title="bbox 243 188 1599 233; baseline -0.001 -8"><span class='ocrx_word' id='word_1_1' title='bbox 243 192 467 233; x_wconf 85' lang='lat' dir='ltr'>Quaestiones</span> <span class='ocrx_word' id='word_1_2' title='bbox 483 190 729 224; x_wconf 79' lang='lat' dir='ltr'>Tertullianeae</span> <span class='ocrx_word' id='word_1_3' title='bbox 747 191 791 224; x_wconf 83' lang='lat' dir='ltr'>ad</span> <span class='ocrx_word' id='word_1_4' title='bbox 806 191 930 224; x_wconf 88' lang='lat' dir='ltr'>librum</span> <span class='ocrx_word' id='word_1_5' title='bbox 944 191 1118 224; x_wconf 82' lang='lat' dir='ltr'>Adversus</span> <span class='ocrx_word' id='word_1_6' title='bbox 1133 191 1290 223; x_wconf 82' lang='lat' dir='ltr'><strong>Praxean</strong></span> <span class='ocrx_word' id='word_1_7' title='bbox 1305 189 1524 231; x_wconf 81' lang='lat' dir='ltr'>pertinentes.</span> <span class='ocrx_word' id='word_1_8' title='bbox 1578 188 1599 224; x_wconf 84' lang='lat'><strong>7</strong></span> 
     </span>
    </p>
   </div>
   <div class='ocr_carea' id='block_1_2' title="bbox 241 291 1668 405">
    <p class='ocr_par' dir='ltr' id='par_1_2' title="bbox 241 291 1668 405">
     <span class='ocr_line' id='line_1_2' title="bbox 241 291 1668 342; baseline -0.002 -10"><span class='ocrx_word' id='word_1_9' title='bbox 241 294 430 332; x_wconf 87' lang='lat' dir='ltr'>rationem</span> <span class='ocrx_word' id='word_1_10' title='bbox 458 296 497 331; x_wconf 89' lang='lat' dir='ltr'>et</span> <span class='ocrx_word' id='word_1_11' title='bbox 528 294 570 331; x_wconf 91' lang='lat' dir='ltr'>in</span> <span class='ocrx_word' id='word_1_12' title='bbox 598 294 746 332; x_wconf 85' lang='lat' dir='ltr'>ratione</span> <span class='ocrx_word' id='word_1_13' title='bbox 774 304 1003 342; x_wconf 89' lang='lat' dir='ltr'>sermonem,</span> <span class='ocrx_word' id='word_1_14' title='bbox 1038 304 1154 342; x_wconf 91' lang='lat' dir='ltr'>quem</span> <span class='ocrx_word' id='word_1_15' title='bbox 1182 291 1400 331; x_wconf 89' lang='lat' dir='ltr'>secundum</span> <span class='ocrx_word' id='word_1_16' title='bbox 1428 304 1450 330; x_wconf 82' lang='lat' dir='ltr'>a</span> <span class='ocrx_word' id='word_1_17' title='bbox 1478 304 1519 330; x_wconf 85' lang='lat' dir='ltr'>se</span> <span class='ocrx_word' id='word_1_18' title='bbox 1548 293 1603 330; x_wconf 80' lang='lat' dir='ltr'>fe·</span> <span class='ocrx_word' id='word_1_19' title='bbox 1635 301 1668 327; x_wconf 80' lang='lat'>45</span> 
     </span>
     <span class='ocr_line' id='line_1_3' title="bbox 243 355 759 405; baseline -0.002 -11"><span class='ocrx_word' id='word_1_20' title='bbox 243 357 349 394; x_wconf 88' lang='lat' dir='ltr'>cerat</span> <span class='ocrx_word' id='word_1_21' title='bbox 370 355 549 405; x_wconf 82' lang='lat' dir='ltr'>agitando</span> <span class='ocrx_word' id='word_1_22' title='bbox 578 356 680 392; x_wconf 87' lang='lat' dir='ltr'>intra</span> <span class='ocrx_word' id='word_1_23' title='bbox 707 367 759 393; x_wconf 91' lang='lat' dir='ltr'>se.</span> 
     </span>
    </p>
   </div>
   <div class='ocr_carea' id='block_1_3' title="bbox 348 450 1373 493">
    <p class='ocr_par' dir='ltr' id='par_1_3' title="bbox 348 450 1373 493">
     <span class='ocr_line' id='line_1_4' title="bbox 348 450 1373 493; baseline -0.001 -11"><span class='ocrx_word' id='word_1_24' title='bbox 348 450 391 482; x_wconf 74' lang='lat'>45</span> <span class='ocrx_word' id='word_1_25' title='bbox 415 450 542 483; x_wconf 85' lang='lat' dir='ltr'><strong>fecerat</strong></span> <span class='ocrx_word' id='word_1_26' title='bbox 556 450 625 483; x_wconf 86' lang='lat' dir='ltr'>Kr:</span> <span class='ocrx_word' id='word_1_27' title='bbox 648 450 775 483; x_wconf 84' lang='lat' dir='ltr'>faceret</span> <span class='ocrx_word' id='word_1_28' title='bbox 789 450 889 491; x_wconf 87' lang='lat' dir='ltr'><strong>PMF;</strong></span> <span class='ocrx_word' id='word_1_29' title='bbox 911 451 955 483; x_wconf 76' lang='lat'>46</span> <span class='ocrx_word' id='word_1_30' title='bbox 977 451 1157 493; x_wconf 82' lang='lat' dir='ltr'>cogitando</span> <span class='ocrx_word' id='word_1_31' title='bbox 1179 461 1270 491; x_wconf 70' lang='lat' dir='ltr'>susp.</span> <span class='ocrx_word' id='word_1_32' title='bbox 1286 450 1373 490; x_wconf 72' lang='lat' dir='ltr'>Enq.</span> 
     </span>
    </p>
   </div>
   <div class='ocr_carea' id='block_1_4' title="bbox 232 537 1600 2318">
    <p class='ocr_par' dir='ltr' id='par_1_4' title="bbox 239 537 1600 897">
     <span class='ocr_line' id='line_1_5' title="bbox 349 537 1600 588; baseline -0.002 -12"><span class='ocrx_word' id='word_1_33' title='bbox 349 538 466 576; x_wconf 92' lang='lat' dir='ltr'>Nunc</span> <span class='ocrx_word' id='word_1_34' title='bbox 489 541 684 576; x_wconf 82' lang='lat' dir='ltr'>vertamur</span> <span class='ocrx_word' id='word_1_35' title='bbox 706 538 754 576; x_wconf 87' lang='lat' dir='ltr'>ad</span> <span class='ocrx_word' id='word_1_36' title='bbox 778 538 950 588; x_wconf 86' lang='lat' dir='ltr'>singulos</span> <span class='ocrx_word' id='word_1_37' title='bbox 974 539 1089 577; x_wconf 90' lang='lat' dir='ltr'>locos.</span> <span class='ocrx_word' id='word_1_38' title='bbox 1133 539 1299 577; x_wconf 80' lang='lat' dir='ltr'>Ineunte</span> <span class='ocrx_word' id='word_1_39' title='bbox 1328 539 1453 588; x_wconf 86' lang='lat' dir='ltr'>capite</span> <span class='ocrx_word' id='word_1_40' title='bbox 1478 537 1600 586; x_wconf 89' lang='lat' dir='ltr'>scrip-</span> 
     </span>
     <span class='ocr_line' id='line_1_6' title="bbox 241 598 1597 650; baseline -0.002 -11"><span class='ocrx_word' id='word_1_41' title='bbox 241 604 325 639; x_wconf 90' lang='lat' dir='ltr'>tum</span> <span class='ocrx_word' id='word_1_42' title='bbox 352 600 540 650; x_wconf 86' lang='lat' dir='ltr'>legimus:</span> <span class='ocrx_word' id='word_1_43' title='bbox 571 599 660 639; x_wconf 80' lang='lat' dir='ltr'>‘Sed</span> <span class='ocrx_word' id='word_1_44' title='bbox 670 600 699 649; x_wconf 79' lang='grc' dir='ltr'>ι)</span> <span class='ocrx_word' id='word_1_45' title='bbox 728 601 819 650; x_wconf 85' lang='lat' dir='ltr'>quia</span> <span class='ocrx_word' id='word_1_46' title='bbox 847 599 945 639; x_wconf 90' lang='lat' dir='ltr'>duos</span> <span class='ocrx_word' id='word_1_47' title='bbox 973 612 1094 639; x_wconf 89' lang='lat' dir='ltr'>unum</span> <span class='ocrx_word' id='word_1_48' title='bbox 1123 600 1259 639; x_wconf 90' lang='lat' dir='ltr'>volunt</span> <span class='ocrx_word' id='word_1_49' title='bbox 1287 611 1387 649; x_wconf 88' lang='lat' dir='ltr'>esse,</span> <span class='ocrx_word' id='word_1_50' title='bbox 1421 602 1465 638; x_wconf 89' lang='lat' dir='ltr'>ut</span> <span class='ocrx_word' id='word_1_51' title='bbox 1491 598 1597 637; x_wconf 89' lang='lat' dir='ltr'>idem</span> 
     </span>
     <span class='ocr_line' id='line_1_7' title="bbox 239 661 1598 713; baseline -0.001 -12"><span class='ocrx_word' id='word_1_52' title='bbox 239 664 351 713; x_wconf 81' lang='lat' dir='ltr'>pater</span> <span class='ocrx_word' id='word_1_53' title='bbox 377 666 416 701; x_wconf 90' lang='lat' dir='ltr'>et</span> <span class='ocrx_word' id='word_1_54' title='bbox 440 662 548 700; x_wconf 88' lang='lat' dir='ltr'>filius</span> <span class='ocrx_word' id='word_1_55' title='bbox 574 662 772 711; x_wconf 78' lang='lat' dir='ltr'><strong>habeatur,</strong></span> <span class='ocrx_word' id='word_1_56' title='bbox 793 663 944 711; x_wconf 79' lang='lat' dir='ltr'><strong>oportet</strong></span> <span class='ocrx_word' id='word_1_57' title='bbox 969 665 1008 700; x_wconf 90' lang='lat' dir='ltr'>et</span> <span class='ocrx_word' id='word_1_58' title='bbox 1032 666 1152 700; x_wconf 88' lang='lat' dir='ltr'>totum</span> <span class='ocrx_word' id='word_1_59' title='bbox 1179 663 1235 711; x_wconf 93' lang='lat' dir='ltr'>(in</span> <span class='ocrx_word' id='word_1_60' title='bbox 1260 665 1383 700; x_wconf 89' lang='lat' dir='ltr'>totum</span> <span class='ocrx_word' id='word_1_61' title='bbox 1407 675 1504 712; x_wconf 80' lang='lat' dir='ltr'>susp.</span> <span class='ocrx_word' id='word_1_62' title='bbox 1520 661 1598 708; x_wconf 84' lang='lat' dir='ltr'>Kr)</span> 
     </span>
     <span class='ocr_line' id='line_1_8' title="bbox 241 722 1598 772; baseline -0.001 -11"><span class='ocrx_word' id='word_1_63' title='bbox 241 724 289 761; x_wconf 89' lang='lat' dir='ltr'>de</span> <span class='ocrx_word' id='word_1_64' title='bbox 316 723 399 761; x_wconf 86' lang='lat' dir='ltr'>filio</span> <span class='ocrx_word' id='word_1_65' title='bbox 428 723 653 772; x_wconf 83' lang='lat' dir='ltr'>examinari,</span> <span class='ocrx_word' id='word_1_66' title='bbox 688 735 737 761; x_wconf 89' lang='lat' dir='ltr'>an</span> <span class='ocrx_word' id='word_1_67' title='bbox 766 723 817 761; x_wconf 90' lang='lat' dir='ltr'>sit</span> <span class='ocrx_word' id='word_1_68' title='bbox 844 726 882 761; x_wconf 86' lang='lat' dir='ltr'>et</span> <span class='ocrx_word' id='word_1_69' title='bbox 910 723 977 772; x_wconf 91' lang='lat' dir='ltr'>qui</span> <span class='ocrx_word' id='word_1_70' title='bbox 1006 724 1057 760; x_wconf 87' lang='lat' dir='ltr'>sit</span> <span class='ocrx_word' id='word_1_71' title='bbox 1085 724 1123 761; x_wconf 88' lang='lat' dir='ltr'>et</span> <span class='ocrx_word' id='word_1_72' title='bbox 1150 723 1343 772; x_wconf 89' lang='lat' dir='ltr'>quomodo</span> <span class='ocrx_word' id='word_1_73' title='bbox 1376 723 1441 772; x_wconf 90' lang='lat' dir='ltr'>sit,</span> <span class='ocrx_word' id='word_1_74' title='bbox 1476 724 1517 760; x_wconf 91' lang='lat' dir='ltr'>et</span> <span class='ocrx_word' id='word_1_75' title='bbox 1542 722 1598 759; x_wconf 82' lang='lat' dir='ltr'>ita</span> 
     </span>
     <span class='ocr_line' id='line_1_9' title="bbox 240 785 1596 836; baseline -0.001 -13"><span class='ocrx_word' id='word_1_76' title='bbox 240 797 302 825; x_wconf 90' lang='lat' dir='ltr'>res</span> <span class='ocrx_word' id='word_1_77' title='bbox 327 786 409 836; x_wconf 88' lang='lat' dir='ltr'>ipsa</span> <span class='ocrx_word' id='word_1_78' title='bbox 430 785 593 823; x_wconf 81' lang='lat' dir='ltr'>formam</span> <span class='ocrx_word' id='word_1_79' title='bbox 617 797 726 823; x_wconf 85' lang='lat' dir='ltr'>suam</span> <span class='ocrx_word' id='word_1_80' title='bbox 751 786 963 835; x_wconf 89' lang='lat' dir='ltr'>scripturis,</span> <span class='ocrx_word' id='word_1_81' title='bbox 987 787 1026 823; x_wconf 91' lang='lat' dir='ltr'>et</span> <span class='ocrx_word' id='word_1_82' title='bbox 1051 785 1433 835; x_wconf 81' lang='lat' dir='ltr'>interpretationibus</span> <span class='ocrx_word' id='word_1_83' title='bbox 1463 797 1596 824; x_wconf 87' lang='lat' dir='ltr'>earum</span> 
     </span>
     <span class='ocr_line' id='line_1_10' title="bbox 239 847 1324 897; baseline -0.001 -12"><span class='ocrx_word' id='word_1_84' title='bbox 239 848 543 897; x_wconf 83' lang='lat' dir='ltr'>patrocinantem</span> <span class='ocrx_word' id='word_1_85' title='bbox 572 847 914 896; x_wconf 83' lang='lat' dir='ltr'>(patrocinantibus</span> <span class='ocrx_word' id='word_1_86' title='bbox 932 847 1062 896; x_wconf 77' lang='grc' dir='ltr'>ΡΜῈ),</span> <span class='ocrx_word' id='word_1_87' title='bbox 1090 847 1324 885; x_wconf 85' lang='lat' dir='ltr'>vindicabit’.</span> 
     </span>
    </p>

    <p class='ocr_par' dir='ltr' id='par_1_5' title="bbox 234 907 1598 1887">
     <span class='ocr_line' id='line_1_11' title="bbox 346 907 1596 958; baseline 0.002 -12"><span class='ocrx_word' id='word_1_88' title='bbox 346 908 461 947; x_wconf 85' lang='lat' dir='ltr'>Haud</span> <span class='ocrx_word' id='word_1_89' title='bbox 481 909 587 947; x_wconf 87' lang='lat' dir='ltr'>recte</span> <span class='ocrx_word' id='word_1_90' title='bbox 609 907 886 958; x_wconf 86' lang='lat' dir='ltr'>Kroymaunus</span> <span class='ocrx_word' id='word_1_91' title='bbox 908 908 1048 947; x_wconf 89' lang='lat' dir='ltr'>bonam</span> <span class='ocrx_word' id='word_1_92' title='bbox 1067 909 1171 947; x_wconf 85' lang='lat' dir='ltr'>illam</span> <span class='ocrx_word' id='word_1_93' title='bbox 1192 909 1371 948; x_wconf 91' lang='lat' dir='ltr'>codicum</span> <span class='ocrx_word' id='word_1_94' title='bbox 1388 909 1596 948; x_wconf 88' lang='lat' dir='ltr'>lectionem</span> 
     </span>
     <span class='ocr_line' id='line_1_12' title="bbox 239 971 1596 1021; baseline 0 -12"><span class='ocrx_word' id='word_1_95' title='bbox 239 972 443 1009; x_wconf 87' lang='lat' dir='ltr'>immutare</span> <span class='ocrx_word' id='word_1_96' title='bbox 461 971 621 1009; x_wconf 88' lang='lat' dir='ltr'>conatus</span> <span class='ocrx_word' id='word_1_97' title='bbox 638 973 705 1008; x_wconf 88' lang='lat' dir='ltr'>est.</span> <span class='ocrx_word' id='word_1_98' title='bbox 725 971 828 1009; x_wconf 87' lang='lat' dir='ltr'>Iuris</span> <span class='ocrx_word' id='word_1_99' title='bbox 844 972 1063 1009; x_wconf 89' lang='lat' dir='ltr'>consultum</span> <span class='ocrx_word' id='word_1_100' title='bbox 1073 972 1352 1010; x_wconf 81' lang='lat' dir='ltr'>Tertullianum</span> <span class='ocrx_word' id='word_1_101' title='bbox 1365 972 1420 1009; x_wconf 90' lang='lat' dir='ltr'>ibi</span> <span class='ocrx_word' id='word_1_102' title='bbox 1435 983 1596 1021; x_wconf 88' lang='lat' dir='ltr'>cognos-</span> 
     </span>
     <span class='ocr_line' id='line_1_13' title="bbox 239 1032 1596 1082; baseline 0 -12"><span class='ocrx_word' id='word_1_103' title='bbox 239 1033 372 1082; x_wconf 83' lang='lat' dir='ltr'>cimus,</span> <span class='ocrx_word' id='word_1_104' title='bbox 402 1033 470 1082; x_wconf 92' lang='lat' dir='ltr'>qui</span> <span class='ocrx_word' id='word_1_105' title='bbox 498 1033 610 1082; x_wconf 83' lang='lat' dir='ltr'>quasi</span> <span class='ocrx_word' id='word_1_106' title='bbox 637 1032 827 1071; x_wconf 88' lang='lat' dir='ltr'>iudicium</span> <span class='ocrx_word' id='word_1_107' title='bbox 848 1032 1079 1071; x_wconf 85' lang='lat' dir='ltr'>introducit:</span> <span class='ocrx_word' id='word_1_108' title='bbox 1109 1034 1149 1070; x_wconf 90' lang='lat' dir='ltr'>in</span> <span class='ocrx_word' id='word_1_109' title='bbox 1173 1033 1318 1071; x_wconf 90' lang='lat' dir='ltr'>iudicio</span> <span class='ocrx_word' id='word_1_110' title='bbox 1342 1034 1516 1072; x_wconf 85' lang='lat' dir='ltr'>versatur</span> <span class='ocrx_word' id='word_1_111' title='bbox 1537 1033 1596 1071; x_wconf 88' lang='lat' dir='ltr'>rei</span> 
     </span>
     <span class='ocr_line' id='line_1_14' title="bbox 238 1095 1595 1145; baseline 0 -12"><span class='ocrx_word' id='word_1_112' title='bbox 238 1095 372 1144; x_wconf 83' lang='lat' dir='ltr'>forma,</span> <span class='ocrx_word' id='word_1_113' title='bbox 400 1095 619 1133; x_wconf 87' lang='lat' dir='ltr'>testimonia</span> <span class='ocrx_word' id='word_1_114' title='bbox 647 1098 737 1133; x_wconf 87' lang='lat' dir='ltr'>sunt</span> <span class='ocrx_word' id='word_1_115' title='bbox 759 1095 983 1145; x_wconf 86' lang='lat' dir='ltr'>scripturae,</span> <span class='ocrx_word' id='word_1_116' title='bbox 1011 1096 1347 1145; x_wconf 88' lang='lat' dir='ltr'>interpretationes</span> <span class='ocrx_word' id='word_1_117' title='bbox 1371 1098 1462 1133; x_wconf 88' lang='lat' dir='ltr'>sunt</span> <span class='ocrx_word' id='word_1_118' title='bbox 1483 1095 1595 1145; x_wconf 87' lang='lat' dir='ltr'>quasi</span> 
     </span>
     <span class='ocr_line' id='line_1_15' title="bbox 237 1157 1597 1206; baseline 0.001 -12"><span class='ocrx_word' id='word_1_119' title='bbox 237 1157 415 1194; x_wconf 85' lang='lat' dir='ltr'>advocati</span> <span class='ocrx_word' id='word_1_120' title='bbox 437 1159 504 1194; x_wconf 87' lang='lat' dir='ltr'>aut</span> <span class='ocrx_word' id='word_1_121' title='bbox 525 1158 686 1206; x_wconf 89' lang='lat' dir='ltr'>patroni,</span> <span class='ocrx_word' id='word_1_122' title='bbox 710 1158 777 1206; x_wconf 89' lang='lat' dir='ltr'>qui</span> <span class='ocrx_word' id='word_1_123' title='bbox 799 1157 856 1194; x_wconf 87' lang='lat' dir='ltr'>illi</span> <span class='ocrx_word' id='word_1_124' title='bbox 879 1161 1123 1195; x_wconf 86' lang='lat' dir='ltr'>succurrunt.</span> <span class='ocrx_word' id='word_1_125' title='bbox 1159 1157 1286 1202; x_wconf 82' lang='lat' dir='ltr'>Quare</span> <span class='ocrx_word' id='word_1_126' title='bbox 1306 1157 1520 1196; x_wconf 85' lang='lat' dir='ltr'>dilucidum</span> <span class='ocrx_word' id='word_1_127' title='bbox 1539 1160 1597 1196; x_wconf 89' lang='lat' dir='ltr'>est</span> 
     </span>
     <span class='ocr_line' id='line_1_16' title="bbox 238 1217 1598 1269; baseline 0.001 -14"><span class='ocrx_word' id='word_1_128' title='bbox 238 1221 352 1267; x_wconf 87' lang='lat' dir='ltr'>atque</span> <span class='ocrx_word' id='word_1_129' title='bbox 374 1219 643 1268; x_wconf 89' lang='lat' dir='ltr'>perspicuum:</span> <span class='ocrx_word' id='word_1_130' title='bbox 674 1219 725 1256; x_wconf 80' lang='lat' dir='ltr'>‘et</span> <span class='ocrx_word' id='word_1_131' title='bbox 751 1219 805 1255; x_wconf 88' lang='lat' dir='ltr'>ita</span> <span class='ocrx_word' id='word_1_132' title='bbox 825 1229 888 1256; x_wconf 86' lang='lat' dir='ltr'>res</span> <span class='ocrx_word' id='word_1_133' title='bbox 910 1219 994 1267; x_wconf 88' lang='lat' dir='ltr'>ipsa</span> <span class='ocrx_word' id='word_1_134' title='bbox 1015 1217 1180 1256; x_wconf 78' lang='lat' dir='ltr'>formam</span> <span class='ocrx_word' id='word_1_135' title='bbox 1201 1230 1312 1256; x_wconf 85' lang='lat' dir='ltr'>suam</span> <span class='ocrx_word' id='word_1_136' title='bbox 1333 1220 1536 1269; x_wconf 90' lang='lat' dir='ltr'>scripturis</span> <span class='ocrx_word' id='word_1_137' title='bbox 1558 1220 1598 1258; x_wconf 88' lang='lat' dir='ltr'>et</span> 
     </span>
     <span class='ocr_line' id='line_1_17' title="bbox 236 1280 1597 1331; baseline 0.001 -14"><span class='ocrx_word' id='word_1_138' title='bbox 236 1280 617 1330; x_wconf 86' lang='lat' dir='ltr'>interpretationibus</span> <span class='ocrx_word' id='word_1_139' title='bbox 638 1280 799 1331; x_wconf 88' lang='lat' dir='ltr'>[earum]</span> <span class='ocrx_word' id='word_1_140' title='bbox 819 1280 1148 1330; x_wconf 85' lang='lat' dir='ltr'>patrocinantibus</span> <span class='ocrx_word' id='word_1_141' title='bbox 1167 1282 1225 1330; x_wconf 85' lang='lat' dir='ltr'>(sc.</span> <span class='ocrx_word' id='word_1_142' title='bbox 1242 1281 1278 1319; x_wconf 94' lang='lat' dir='ltr'>ei</span> <span class='ocrx_word' id='word_1_143' title='bbox 1296 1281 1455 1330; x_wconf 83' lang='lat' dir='ltr'>formae)</span> <span class='ocrx_word' id='word_1_144' title='bbox 1472 1281 1597 1319; x_wconf 89' lang='lat' dir='ltr'>vindi-</span> 
     </span>
     <span class='ocr_line' id='line_1_18' title="bbox 237 1341 1595 1394; baseline 0.002 -16"><span class='ocrx_word' id='word_1_145' title='bbox 237 1341 341 1379; x_wconf 89' lang='lat' dir='ltr'>cabit</span> <span class='ocrx_word' id='word_1_146' title='bbox 373 1343 434 1391; x_wconf 91' lang='lat'>(=</span> <span class='ocrx_word' id='word_1_147' title='bbox 463 1343 561 1381; x_wconf 85' lang='lat' dir='ltr'>wird</span> <span class='ocrx_word' id='word_1_148' title='bbox 587 1343 818 1394; x_wconf 75' lang='lat' dir='ltr'>verteidiqen,</span> <span class='ocrx_word' id='word_1_149' title='bbox 846 1342 965 1380; x_wconf 81' lang='lat' dir='ltr'>sicher</span> <span class='ocrx_word' id='word_1_150' title='bbox 990 1343 1139 1391; x_wconf 76' lang='lat' dir='ltr'>stellen).</span> <span class='ocrx_word' id='word_1_151' title='bbox 1181 1342 1360 1381; x_wconf 82' lang='lat' dir='ltr'>Fortasse</span> <span class='ocrx_word' id='word_1_152' title='bbox 1393 1345 1437 1381; x_wconf 93' lang='lat' dir='ltr'>ut</span> <span class='ocrx_word' id='word_1_153' title='bbox 1467 1344 1595 1381; x_wconf 86' lang='lat' dir='ltr'>acrius</span> 
     </span>
     <span class='ocr_line' id='line_1_19' title="bbox 237 1404 1595 1454; baseline 0.001 -13"><span class='ocrx_word' id='word_1_154' title='bbox 237 1404 466 1442; x_wconf 87' lang='lat' dir='ltr'>sententiam</span> <span class='ocrx_word' id='word_1_155' title='bbox 503 1404 815 1454; x_wconf 85' lang='lat' dir='ltr'>pronuntiemus,</span> <span class='ocrx_word' id='word_1_156' title='bbox 851 1416 920 1454; x_wconf 90' lang='lat' dir='ltr'>pro</span> <span class='ocrx_word' id='word_1_157' title='bbox 954 1404 1020 1442; x_wconf 91' lang='lat' dir='ltr'>illo</span> <span class='ocrx_word' id='word_1_158' title='bbox 1062 1405 1220 1443; x_wconf 82' lang='lat' dir='ltr'>‘earum’</span> <span class='ocrx_word' id='word_1_159' title='bbox 1263 1405 1326 1444; x_wconf 77' lang='lat' dir='ltr'>‘ei’</span> <span class='ocrx_word' id='word_1_160' title='bbox 1368 1417 1447 1444; x_wconf 90' lang='lat' dir='ltr'>non</span> <span class='ocrx_word' id='word_1_161' title='bbox 1483 1405 1595 1443; x_wconf 92' lang='lat' dir='ltr'>modo</span> 
     </span>
     <span class='ocr_line' id='line_1_20' title="bbox 236 1466 1597 1516; baseline 0.002 -14"><span class='ocrx_word' id='word_1_162' title='bbox 236 1469 365 1504; x_wconf 88' lang='lat' dir='ltr'>mente</span> <span class='ocrx_word' id='word_1_163' title='bbox 388 1467 657 1516; x_wconf 88' lang='lat' dir='ltr'>supplendum,</span> <span class='ocrx_word' id='word_1_164' title='bbox 689 1467 758 1504; x_wconf 92' lang='lat' dir='ltr'>sed</span> <span class='ocrx_word' id='word_1_165' title='bbox 781 1466 1031 1505; x_wconf 90' lang='lat' dir='ltr'>scribendum</span> <span class='ocrx_word' id='word_1_166' title='bbox 1054 1470 1123 1505; x_wconf 88' lang='lat' dir='ltr'>est.</span> <span class='ocrx_word' id='word_1_167' title='bbox 1152 1467 1238 1505; x_wconf 92' lang='lat' dir='ltr'>Hoc</span> <span class='ocrx_word' id='word_1_168' title='bbox 1261 1469 1391 1506; x_wconf 86' lang='lat' dir='ltr'>autem</span> <span class='ocrx_word' id='word_1_169' title='bbox 1418 1468 1515 1505; x_wconf 83' lang='lat' dir='ltr'>nihil</span> <span class='ocrx_word' id='word_1_170' title='bbox 1536 1479 1597 1506; x_wconf 89' lang='lat' dir='ltr'>re-</span> 
     </span>
     <span class='ocr_line' id='line_1_21' title="bbox 235 1528 1593 1581; baseline 0.001 -15"><span class='ocrx_word' id='word_1_171' title='bbox 235 1528 321 1567; x_wconf 78' lang='lat' dir='ltr'>fert.</span> <span class='ocrx_word' id='word_1_172' title='bbox 350 1529 412 1567; x_wconf 91' lang='lat' dir='ltr'>Ad</span> <span class='ocrx_word' id='word_1_173' title='bbox 435 1529 603 1579; x_wconf 84' lang='lat' dir='ltr'>figuram</span> <span class='ocrx_word' id='word_1_174' title='bbox 627 1529 741 1568; x_wconf 88' lang='lat' dir='ltr'>velim</span> <span class='ocrx_word' id='word_1_175' title='bbox 766 1530 943 1568; x_wconf 80' lang='lat' dir='ltr'>conferas</span> <span class='ocrx_word' id='word_1_176' title='bbox 964 1529 1025 1569; x_wconf 91' lang='lat' dir='ltr'>De</span> <span class='ocrx_word' id='word_1_177' title='bbox 1044 1533 1127 1569; x_wconf 87' lang='lat' dir='ltr'>test.</span> <span class='ocrx_word' id='word_1_178' title='bbox 1148 1543 1207 1569; x_wconf 87' lang='lat' dir='ltr'>an.</span> <span class='ocrx_word' id='word_1_179' title='bbox 1226 1531 1246 1569; x_wconf 94' lang='lat' dir='ltr'>I</span> <span class='ocrx_word' id='word_1_180' title='bbox 1268 1529 1593 1581; x_wconf 79' lang='lat' dir='ltr'>(Reiff.134l13):</span> 
     </span>
     <span class='ocr_line' id='line_1_22' title="bbox 237 1590 1594 1642; baseline 0.001 -14"><span class='ocrx_word' id='word_1_181' title='bbox 237 1590 262 1628; x_wconf 71' lang='lat'>².</span> <span class='ocrx_word' id='word_1_182' title='bbox 280 1620 288 1628; x_wconf 88' lang='lat'><strong>.</strong></span> <span class='ocrx_word' id='word_1_183' title='bbox 305 1621 312 1628; x_wconf 93' lang='lat'><strong>.</strong></span> <span class='ocrx_word' id='word_1_184' title='bbox 329 1591 426 1628; x_wconf 88' lang='lat' dir='ltr'>nihil</span> <span class='ocrx_word' id='word_1_185' title='bbox 453 1604 524 1630; x_wconf 91' lang='lat' dir='ltr'>nos</span> <span class='ocrx_word' id='word_1_186' title='bbox 551 1594 618 1630; x_wconf 88' lang='lat' dir='ltr'>aut</span> <span class='ocrx_word' id='word_1_187' title='bbox 640 1603 784 1630; x_wconf 90' lang='lat' dir='ltr'>novum</span> <span class='ocrx_word' id='word_1_188' title='bbox 813 1593 880 1630; x_wconf 88' lang='lat' dir='ltr'>aut</span> <span class='ocrx_word' id='word_1_189' title='bbox 908 1594 1173 1641; x_wconf 90' lang='lat' dir='ltr'>portentosum</span> <span class='ocrx_word' id='word_1_190' title='bbox 1196 1593 1423 1642; x_wconf 86' lang='lat' dir='ltr'>suscepisse,</span> <span class='ocrx_word' id='word_1_191' title='bbox 1447 1592 1494 1631; x_wconf 90' lang='lat' dir='ltr'>de</span> <span class='ocrx_word' id='word_1_192' title='bbox 1518 1603 1594 1641; x_wconf 92' lang='lat' dir='ltr'>quo</span> 
     </span>
     <span class='ocr_line' id='line_1_23' title="bbox 234 1652 1595 1705; baseline 0.001 -15"><span class='ocrx_word' id='word_1_193' title='bbox 234 1664 314 1691; x_wconf 91' lang='lat' dir='ltr'>non</span> <span class='ocrx_word' id='word_1_194' title='bbox 338 1653 452 1691; x_wconf 89' lang='lat' dir='ltr'>etiam</span> <span class='ocrx_word' id='word_1_195' title='bbox 476 1665 701 1693; x_wconf 87' lang='lat' dir='ltr'>communes</span> <span class='ocrx_word' id='word_1_196' title='bbox 725 1656 763 1692; x_wconf 88' lang='lat' dir='ltr'>et</span> <span class='ocrx_word' id='word_1_197' title='bbox 784 1652 963 1703; x_wconf 84' lang='lat' dir='ltr'>publicae</span> <span class='ocrx_word' id='word_1_198' title='bbox 985 1653 1134 1693; x_wconf 84' lang='lat' dir='ltr'>litterae</span> <span class='ocrx_word' id='word_1_199' title='bbox 1157 1654 1205 1692; x_wconf 89' lang='lat' dir='ltr'>ad</span> <span class='ocrx_word' id='word_1_200' title='bbox 1228 1654 1460 1705; x_wconf 79' lang='lat' dir='ltr'>suffragium</span> <span class='ocrx_word' id='word_1_201' title='bbox 1481 1653 1595 1692; x_wconf 85' lang='lat' dir='ltr'>nobis</span> 
     </span>
     <span class='ocr_line' id='line_1_24' title="bbox 234 1715 1594 1766; baseline 0.001 -14"><span class='ocrx_word' id='word_1_202' title='bbox 234 1715 537 1765; x_wconf 87' lang='lat' dir='ltr'>patrocinentur,</span> <span class='ocrx_word' id='word_1_203' title='bbox 554 1746 562 1753; x_wconf 95' lang='lat'><strong>.</strong></span> <span class='ocrx_word' id='word_1_204' title='bbox 578 1746 585 1753; x_wconf 95' lang='lat'>.</span> <span class='ocrx_word' id='word_1_205' title='bbox 602 1746 609 1754; x_wconf 95' lang='lat'>.</span> <span class='ocrx_word' id='word_1_206' title='bbox 625 1717 634 1730; x_wconf 79' lang='lat'>³</span> <span class='ocrx_word' id='word_1_207' title='bbox 674 1716 795 1754; x_wconf 88' lang='lat' dir='ltr'>Paulo</span> <span class='ocrx_word' id='word_1_208' title='bbox 825 1719 939 1754; x_wconf 81' lang='lat' dir='ltr'>antea</span> <span class='ocrx_word' id='word_1_209' title='bbox 959 1716 1234 1766; x_wconf 87' lang='lat' dir='ltr'>Kroymannus</span> <span class='ocrx_word' id='word_1_210' title='bbox 1267 1719 1372 1755; x_wconf 88' lang='lat' dir='ltr'>recte</span> <span class='ocrx_word' id='word_1_211' title='bbox 1400 1717 1525 1755; x_wconf 87' lang='lat' dir='ltr'>haesit</span> <span class='ocrx_word' id='word_1_212' title='bbox 1552 1717 1594 1753; x_wconf 90' lang='lat' dir='ltr'>in</span> 
     </span>
     <span class='ocr_line' id='line_1_25' title="bbox 235 1776 1594 1828; baseline 0.001 -15"><span class='ocrx_word' id='word_1_213' title='bbox 235 1776 287 1814; x_wconf 77' lang='lat' dir='ltr'>‘et</span> <span class='ocrx_word' id='word_1_214' title='bbox 314 1776 450 1814; x_wconf 90' lang='lat' dir='ltr'>totum&#39;</span> <span class='ocrx_word' id='word_1_215' title='bbox 480 1778 518 1814; x_wconf 87' lang='lat' dir='ltr'>et</span> <span class='ocrx_word' id='word_1_216' title='bbox 545 1776 794 1815; x_wconf 85' lang='lat' dir='ltr'>scribendum</span> <span class='ocrx_word' id='word_1_217' title='bbox 816 1779 1037 1827; x_wconf 88' lang='lat' dir='ltr'>suspicatur</span> <span class='ocrx_word' id='word_1_218' title='bbox 1059 1778 1113 1815; x_wconf 80' lang='lat' dir='ltr'>‘in</span> <span class='ocrx_word' id='word_1_219' title='bbox 1137 1780 1283 1828; x_wconf 91' lang='lat' dir='ltr'>totum’,</span> <span class='ocrx_word' id='word_1_220' title='bbox 1313 1778 1417 1827; x_wconf 90' lang='lat' dir='ltr'>quod</span> <span class='ocrx_word' id='word_1_221' title='bbox 1438 1778 1479 1815; x_wconf 92' lang='lat' dir='ltr'>in</span> <span class='ocrx_word' id='word_1_222' title='bbox 1503 1789 1594 1816; x_wconf 91' lang='lat' dir='ltr'>con—</span> 
     </span>
     <span class='ocr_line' id='line_1_26' title="bbox 235 1837 903 1887; baseline 0.001 -12"><span class='ocrx_word' id='word_1_223' title='bbox 235 1841 385 1876; x_wconf 87' lang='lat' dir='ltr'>textum</span> <span class='ocrx_word' id='word_1_224' title='bbox 413 1839 586 1887; x_wconf 87' lang='lat' dir='ltr'>recipere</span> <span class='ocrx_word' id='word_1_225' title='bbox 614 1850 692 1875; x_wconf 91' lang='lat' dir='ltr'>non</span> <span class='ocrx_word' id='word_1_226' title='bbox 721 1837 903 1887; x_wconf 77' lang='lat' dir='ltr'>dubit02).</span> 
     </span>
    </p>

    <p class='ocr_par' dir='ltr' id='par_1_6' title="bbox 232 1898 1591 2318">
     <span class='ocr_line' id='line_1_27' title="bbox 342 1898 1590 1949; baseline 0.002 -14"><span class='ocrx_word' id='word_1_227' title='bbox 342 1898 563 1936; x_wconf 84' lang='lat' dir='ltr'>Transimus</span> <span class='ocrx_word' id='word_1_228' title='bbox 586 1910 692 1936; x_wconf 90' lang='lat' dir='ltr'>nunc</span> <span class='ocrx_word' id='word_1_229' title='bbox 714 1898 762 1936; x_wconf 91' lang='lat' dir='ltr'>ad</span> <span class='ocrx_word' id='word_1_230' title='bbox 784 1900 923 1948; x_wconf 91' lang='lat' dir='ltr'>locum,</span> <span class='ocrx_word' id='word_1_231' title='bbox 952 1900 1020 1949; x_wconf 86' lang='lat' dir='ltr'>qui</span> <span class='ocrx_word' id='word_1_232' title='bbox 1047 1901 1122 1938; x_wconf 89' lang='lat' dir='ltr'>hoc</span> <span class='ocrx_word' id='word_1_233' title='bbox 1149 1901 1268 1938; x_wconf 89' lang='lat' dir='ltr'>multo</span> <span class='ocrx_word' id='word_1_234' title='bbox 1293 1903 1351 1939; x_wconf 89' lang='lat' dir='ltr'>est</span> <span class='ocrx_word' id='word_1_235' title='bbox 1372 1900 1590 1938; x_wconf 79' lang='lat' dir='ltr'>difficilior:</span> 
     </span>
     <span class='ocr_line' id='line_1_28' title="bbox 234 1959 1590 2009; baseline 0.001 -12"><span class='ocrx_word' id='word_1_236' title='bbox 234 1959 339 2009; x_wconf 86' lang='lat' dir='ltr'>apud</span> <span class='ocrx_word' id='word_1_237' title='bbox 366 1971 436 1997; x_wconf 87' lang='lat' dir='ltr'>nos</span> <span class='ocrx_word' id='word_1_238' title='bbox 465 1972 499 2009; x_wconf 91' lang='lat' dir='ltr'>p.</span> <span class='ocrx_word' id='word_1_239' title='bbox 522 1959 627 2008; x_wconf 72' lang='lat'>5110,</span> <span class='ocrx_word' id='word_1_240' title='bbox 656 1960 759 2008; x_wconf 84' lang='lat' dir='ltr'>apud</span> <span class='ocrx_word' id='word_1_241' title='bbox 781 1960 846 1998; x_wconf 88' lang='lat' dir='ltr'>Kr</span> <span class='ocrx_word' id='word_1_242' title='bbox 870 1960 1178 2001; x_wconf 78' lang='lat' dir='ltr'>233s9—6l11:</span> <span class='ocrx_word' id='word_1_243' title='bbox 1208 1962 1393 2000; x_wconf 81' lang='lat' dir='ltr'>‘ceterum</span> <span class='ocrx_word' id='word_1_244' title='bbox 1417 1973 1466 2000; x_wconf 93' lang='lat' dir='ltr'>ne</span> <span class='ocrx_word' id='word_1_245' title='bbox 1495 1965 1590 2000; x_wconf 89' lang='lat' dir='ltr'>tunc</span> 
     </span>
     <span class='ocr_line' id='line_1_29' title="bbox 236 2020 1590 2072; baseline 0.001 -11"><span class='ocrx_word' id='word_1_246' title='bbox 236 2022 391 2072; x_wconf 88' lang='lat' dir='ltr'>quidem</span> <span class='ocrx_word' id='word_1_247' title='bbox 421 2022 542 2070; x_wconf 71' lang='lat' dir='ltr'>solus,</span> <span class='ocrx_word' id='word_1_248' title='bbox 572 2020 737 2059; x_wconf 88' lang='lat' dir='ltr'>habebat</span> <span class='ocrx_word' id='word_1_249' title='bbox 765 2022 869 2060; x_wconf 92' lang='lat' dir='ltr'>enim</span> <span class='ocrx_word' id='word_1_250' title='bbox 899 2033 1032 2062; x_wconf 90' lang='lat' dir='ltr'>secum</span> <span class='ocrx_word' id='word_1_251' title='bbox 1060 2034 1176 2072; x_wconf 86' lang='lat' dir='ltr'>quam</span> <span class='ocrx_word' id='word_1_252' title='bbox 1200 2023 1366 2062; x_wconf 83' lang='lat' dir='ltr'>habebat</span> <span class='ocrx_word' id='word_1_253' title='bbox 1387 2025 1427 2062; x_wconf 91' lang='lat' dir='ltr'>in</span> <span class='ocrx_word' id='word_1_254' title='bbox 1451 2026 1590 2063; x_wconf 89' lang='lat' dir='ltr'>semet-</span> 
     </span>
     <span class='ocr_line' id='line_1_30' title="bbox 234 2084 1591 2135; baseline 0.001 -13"><span class='ocrx_word' id='word_1_255' title='bbox 234 2085 328 2134; x_wconf 92' lang='lat' dir='ltr'>ipso,</span> <span class='ocrx_word' id='word_1_256' title='bbox 357 2086 547 2122; x_wconf 87' lang='lat' dir='ltr'>rationem</span> <span class='ocrx_word' id='word_1_257' title='bbox 575 2095 682 2121; x_wconf 88' lang='lat' dir='ltr'>suam</span> <span class='ocrx_word' id='word_1_258' title='bbox 709 2084 869 2121; x_wconf 88' lang='lat' dir='ltr'>scilicet.</span> <span class='ocrx_word' id='word_1_259' title='bbox 895 2084 1093 2122; x_wconf 86' lang='lat' dir='ltr'>rationalis</span> <span class='ocrx_word' id='word_1_260' title='bbox 1116 2085 1221 2123; x_wconf 86' lang='lat' dir='ltr'>enim</span> <span class='ocrx_word' id='word_1_261' title='bbox 1243 2086 1349 2134; x_wconf 89' lang='lat' dir='ltr'>deus,</span> <span class='ocrx_word' id='word_1_262' title='bbox 1381 2090 1419 2124; x_wconf 87' lang='lat' dir='ltr'>et</span> <span class='ocrx_word' id='word_1_263' title='bbox 1437 2087 1465 2135; x_wconf 92' lang='lat'><strong>†</strong></span> <span class='ocrx_word' id='word_1_264' title='bbox 1493 2088 1591 2124; x_wconf 86' lang='lat' dir='ltr'>ratio</span> 
     </span>
     <span class='ocr_line' id='line_1_31' title="bbox 234 2145 1591 2198; baseline 0.002 -15"><span class='ocrx_word' id='word_1_265' title='bbox 234 2147 275 2184; x_wconf 92' lang='lat' dir='ltr'>in</span> <span class='ocrx_word' id='word_1_266' title='bbox 293 2147 422 2197; x_wconf 89' lang='lat' dir='ltr'>ipsum</span> <span class='ocrx_word' id='word_1_267' title='bbox 441 2146 550 2196; x_wconf 90' lang='lat' dir='ltr'>prius</span> <span class='ocrx_word' id='word_1_268' title='bbox 568 2146 624 2195; x_wconf 93' lang='lat' dir='ltr'>(in</span> <span class='ocrx_word' id='word_1_269' title='bbox 641 2145 724 2195; x_wconf 90' lang='lat' dir='ltr'>ipso</span> <span class='ocrx_word' id='word_1_270' title='bbox 743 2146 851 2195; x_wconf 77' lang='lat' dir='ltr'>prius</span> <span class='ocrx_word' id='word_1_271' title='bbox 869 2145 934 2184; x_wconf 77' lang='grc' dir='ltr'>ΕΒ</span> <span class='ocrx_word' id='word_1_272' title='bbox 952 2146 1081 2198; x_wconf 71' lang='lat' dir='ltr'>vul90;</span> <span class='ocrx_word' id='word_1_273' title='bbox 1102 2147 1144 2184; x_wconf 88' lang='lat' dir='ltr'>in</span> <span class='ocrx_word' id='word_1_274' title='bbox 1162 2147 1292 2197; x_wconf 90' lang='lat' dir='ltr'>ipsum</span> <span class='ocrx_word' id='word_1_275' title='bbox 1311 2148 1428 2197; x_wconf 90' lang='lat' dir='ltr'>&lt;ipso</span> <span class='ocrx_word' id='word_1_276' title='bbox 1440 2152 1462 2194; x_wconf 95' lang='lat'>&gt;</span> <span class='ocrx_word' id='word_1_277' title='bbox 1482 2148 1591 2198; x_wconf 91' lang='lat' dir='ltr'>prius</span> 
     </span>
     <span class='ocr_line' id='line_1_32' title="bbox 232 2207 1589 2261; baseline 0.001 -14"><span class='ocrx_word' id='word_1_278' title='bbox 232 2221 329 2259; x_wconf 77' lang='lat' dir='ltr'>susp,</span> <span class='ocrx_word' id='word_1_279' title='bbox 349 2208 426 2254; x_wconf 84' lang='lat' dir='ltr'>Kr)</span> <span class='ocrx_word' id='word_1_280' title='bbox 455 2212 494 2246; x_wconf 91' lang='lat' dir='ltr'>et</span> <span class='ocrx_word' id='word_1_281' title='bbox 511 2208 565 2245; x_wconf 86' lang='lat' dir='ltr'>ita</span> <span class='ocrx_word' id='word_1_282' title='bbox 589 2207 636 2245; x_wconf 88' lang='lat' dir='ltr'>ab</span> <span class='ocrx_word' id='word_1_283' title='bbox 664 2207 747 2257; x_wconf 89' lang='lat' dir='ltr'>ipso</span> <span class='ocrx_word' id='word_1_284' title='bbox 776 2208 907 2245; x_wconf 84' lang='lat' dir='ltr'>omnia</span> <span class='ocrx_word' id='word_1_285' title='bbox 934 2209 987 2256; x_wconf 87' lang='lat' dir='ltr'>(et</span> <span class='ocrx_word' id='word_1_286' title='bbox 1014 2209 1068 2246; x_wconf 87' lang='lat' dir='ltr'>ita</span> <span class='ocrx_word' id='word_1_287' title='bbox 1095 2208 1142 2246; x_wconf 90' lang='lat' dir='ltr'>ab</span> <span class='ocrx_word' id='word_1_288' title='bbox 1170 2210 1255 2259; x_wconf 89' lang='lat' dir='ltr'>ipso</span> <span class='ocrx_word' id='word_1_289' title='bbox 1279 2210 1354 2247; x_wconf 86' lang='lat' dir='ltr'>alia</span> <span class='ocrx_word' id='word_1_290' title='bbox 1381 2223 1480 2261; x_wconf 81' lang='lat' dir='ltr'>susp.</span> <span class='ocrx_word' id='word_1_291' title='bbox 1501 2210 1589 2258; x_wconf 86' lang='lat' dir='ltr'>Kr).</span> 
     </span>
     <span class='ocr_line' id='line_1_33' title="bbox 234 2268 1092 2318; baseline -0.001 -11"><span class='ocrx_word' id='word_1_292' title='bbox 234 2280 333 2318; x_wconf 88' lang='lat' dir='ltr'>quae</span> <span class='ocrx_word' id='word_1_293' title='bbox 361 2270 458 2307; x_wconf 87' lang='lat' dir='ltr'>ratio</span> <span class='ocrx_word' id='word_1_294' title='bbox 487 2280 625 2307; x_wconf 90' lang='lat' dir='ltr'>sensus</span> <span class='ocrx_word' id='word_1_295' title='bbox 652 2269 775 2318; x_wconf 89' lang='lat' dir='ltr'>ipsius</span> <span class='ocrx_word' id='word_1_296' title='bbox 803 2269 872 2317; x_wconf 89' lang='lat' dir='ltr'>est,</span> <span class='ocrx_word' id='word_1_297' title='bbox 902 2268 1002 2306; x_wconf 91' lang='lat' dir='ltr'>hanc</span> <span class='ocrx_word' id='word_1_298' title='bbox 1017 2298 1024 2306; x_wconf 94' lang='lat'>.</span> <span class='ocrx_word' id='word_1_299' title='bbox 1042 2298 1050 2306; x_wconf 88' lang='lat'><strong>.</strong></span> <span class='ocrx_word' id='word_1_300' title='bbox 1066 2269 1092 2306; x_wconf 87' lang='lat'>.’</span> 
     </span>
    </p>
   </div>
   <div class='ocr_carea' id='block_1_5' title="bbox 235 2340 491 2347">
    <p class='ocr_par' dir='ltr' id='par_1_7' title="bbox 235 2340 491 2347">
     <span class='ocr_line' id='line_1_34' title="bbox 235 2340 491 2347; baseline 0 0"><span class='ocrx_word' id='word_1_301' title='bbox 235 2340 491 2347; x_wconf 95' lang='lat' dir='ltr'> </span> 
     </span>
    </p>
   </div>
   <div class='ocr_carea' id='block_1_6' title="bbox 232 2374 1591 2519">
    <p class='ocr_par' dir='ltr' id='par_1_8' title="bbox 232 2374 1591 2519">
     <span class='ocr_line' id='line_1_35' title="bbox 345 2374 1591 2417; baseline 0.002 -11"><span class='ocrx_word' id='word_1_302' title='bbox 345 2375 369 2415; x_wconf 93' lang='lat'>¹)</span> <span class='ocrx_word' id='word_1_303' title='bbox 391 2375 430 2406; x_wconf 90' lang='lat' dir='ltr'>In</span> <span class='ocrx_word' id='word_1_304' title='bbox 452 2374 535 2407; x_wconf 88' lang='lat' dir='ltr'>locis</span> <span class='ocrx_word' id='word_1_305' title='bbox 558 2375 789 2407; x_wconf 85' lang='lat' dir='ltr'>exscribendis</span> <span class='ocrx_word' id='word_1_306' title='bbox 811 2377 848 2407; x_wconf 92' lang='lat' dir='ltr'>ut</span> <span class='ocrx_word' id='word_1_307' title='bbox 871 2375 928 2406; x_wconf 90' lang='lat' dir='ltr'>hic</span> <span class='ocrx_word' id='word_1_308' title='bbox 948 2374 997 2406; x_wconf 87' lang='lat' dir='ltr'>ita</span> <span class='ocrx_word' id='word_1_309' title='bbox 1020 2384 1153 2416; x_wconf 86' lang='lat' dir='ltr'>semper</span> <span class='ocrx_word' id='word_1_310' title='bbox 1175 2375 1384 2417; x_wconf 82' lang='lat' dir='ltr'>Kroymanni</span> <span class='ocrx_word' id='word_1_311' title='bbox 1408 2377 1591 2409; x_wconf 86' lang='lat' dir='ltr'>editionem</span> 
     </span>
     <span class='ocr_line' id='line_1_36' title="bbox 232 2425 1078 2468; baseline 0.001 -10"><span class='ocrx_word' id='word_1_312' title='bbox 232 2425 397 2458; x_wconf 84' lang='lat' dir='ltr'>maiorem</span> <span class='ocrx_word' id='word_1_313' title='bbox 419 2436 542 2467; x_wconf 88' lang='lat' dir='ltr'>sequar</span> <span class='ocrx_word' id='word_1_314' title='bbox 566 2426 706 2468; x_wconf 85' lang='lat' dir='ltr'>eiusque</span> <span class='ocrx_word' id='word_1_315' title='bbox 729 2426 867 2459; x_wconf 84' lang='lat' dir='ltr'>afferam</span> <span class='ocrx_word' id='word_1_316' title='bbox 888 2425 1078 2459; x_wconf 88' lang='lat' dir='ltr'>lectionem.</span> 
     </span>
     <span class='ocr_line' id='line_1_37' title="bbox 343 2476 1590 2519; baseline 0.002 -10"><span class='ocrx_word' id='word_1_317' title='bbox 343 2477 369 2518; x_wconf 85' lang='lat'>¹)</span> <span class='ocrx_word' id='word_1_318' title='bbox 393 2477 441 2509; x_wconf 83' lang='lat' dir='ltr'>Cf.</span> <span class='ocrx_word' id='word_1_319' title='bbox 465 2477 513 2509; x_wconf 89' lang='lat' dir='ltr'>De</span> <span class='ocrx_word' id='word_1_320' title='bbox 535 2478 703 2519; x_wconf 85' lang='lat' dir='ltr'>baptismo</span> <span class='ocrx_word' id='word_1_321' title='bbox 727 2487 755 2510; x_wconf 91' lang='lat' dir='ltr'>c.</span> <span class='ocrx_word' id='word_1_322' title='bbox 772 2478 800 2510; x_wconf 94' lang='lat'>11</span> <span class='ocrx_word' id='word_1_323' title='bbox 820 2477 927 2519; x_wconf 81' lang='lat' dir='ltr'>(Reiff.</span> <span class='ocrx_word' id='word_1_324' title='bbox 944 2476 1088 2519; x_wconf 79' lang='lat' dir='ltr'>201l17):</span> <span class='ocrx_word' id='word_1_325' title='bbox 1112 2478 1167 2509; x_wconf 82' lang='lat' dir='ltr'>‘ad</span> <span class='ocrx_word' id='word_1_326' title='bbox 1188 2478 1289 2511; x_wconf 88' lang='lat' dir='ltr'>fidem</span> <span class='ocrx_word' id='word_1_327' title='bbox 1315 2479 1590 2512; x_wconf 79' lang='lat' dir='ltr'>labefactandam</span> 
     </span>
    </p>
   </div>
   <div class='ocr_carea' id='block_1_7' title="bbox 232 2528 842 2570">
    <p class='ocr_par' dir='ltr' id='par_1_9' title="bbox 232 2528 842 2570">
     <span class='ocr_line' id='line_1_38' title="bbox 232 2528 842 2570; baseline 0 -10"><span class='ocrx_word' id='word_1_328' title='bbox 232 2528 287 2561; x_wconf 86' lang='lat' dir='ltr'>vel</span> <span class='ocrx_word' id='word_1_329' title='bbox 309 2528 345 2560; x_wconf 93' lang='lat' dir='ltr'>in</span> <span class='ocrx_word' id='word_1_330' title='bbox 367 2529 476 2561; x_wconf 87' lang='lat' dir='ltr'>totum</span> <span class='ocrx_word' id='word_1_331' title='bbox 499 2538 570 2561; x_wconf 91' lang='lat' dir='ltr'>non</span> <span class='ocrx_word' id='word_1_332' title='bbox 593 2528 842 2570; x_wconf 81' lang='lat' dir='ltr'>recipiendam’.</span> 
     </span>
    </p>
   </div>
  </div>
 </body>
</html>
