1779 2958
308 594 524 631 Exordium
558 605 707 631 sumam
741 606 763 631 a
797 594 921 642 capite
954 594 1199 642 gravissimo,
1234 593 1275 629 in
1310 592 1415 641 quod
1444 593 1560 630 etiam

201 654 474 705 Kroymannus
502 654 713 705 plurimum
739 655 948 705 insumpsit
969 666 1106 705 operae
1135 658 1173 693 et
1194 654 1348 704 laboris,
1378 654 1559 704 quintum

202 718 298 765 dico,
322 729 397 766 quo
420 717 646 754 Tertulliani
668 716 844 754 doctrina
862 717 910 754 de
928 716 1033 765 Logo
1056 717 1225 765 primum
1243 717 1447 765 profertur.
1484 716 1560 754 Sed

202 790 293 817 cum
315 778 532 816 Stoicorum
560 777 739 816 officinas
767 778 907 816 adiisse
929 777 1207 816 Tertullianum
1236 778 1328 816 satis
1350 780 1485 817 notum
1509 779 1561 816 sit

202 840 395 889 omnibus,
429 842 657 890 priusquam
691 840 738 877 ad
772 840 945 889 singulos
980 841 1162 888 accingar
1193 841 1315 888 locos,
1349 852 1474 889 pauca
1508 852 1557 878 ex

201 902 355 939 illorum
383 901 534 951 placitis
564 903 857 950 ceterorumque
885 901 1200 951 philosophorum
1230 901 1416 951 delibabo,
1447 904 1491 939 ut
1519 903 1559 940 et

201 975 264 1002 res
299 965 338 1001 et
365 963 483 1001 verba
515 964 556 1000 in
592 963 815 1000 memoriam
850 963 1062 1012 legentium
1096 965 1373 1011 revocentm·¹).
1416 963 1557 1001 Stoicis

201 1026 336 1074 igitur,
370 1025 442 1062 etsi
470 1024 706 1073 corporalem
735 1024 852 1061 deum
883 1024 1053 1072 fingunt,
1088 1025 1182 1061 ratio
1217 1026 1277 1061 est
1310 1025 1422 1072 deus,
1459 1025 1556 1062 deus

201 1086 299 1123 ratio
330 1088 471 1123 cuncta
503 1085 696 1134 efficiens,
732 1096 831 1134 quae
863 1097 933 1134 per
966 1086 1094 1123 omnia
1126 1087 1243 1134 meat,
1278 1086 1325 1123 cf.
1353 1086 1558 1135 Hippolyti

202 1148 344 1185 Philos.
363 1147 383 1184 I
403 1147 451 1184 21
476 1146 549 1195 (ed.
568 1146 1040 1184 Duncker-Schneidewin
1059 1148 1121 1195 40,
1143 1148 1229 1195 35):
1255 1145 1470 1191 Χρύςιππος
1497 1146 1560 1183 καὶ

202 1206 344 1252 Ζήνων
372 1235 378 1242 .
400 1235 433 1242 ..
460 1206 647 1244 ὑπέθεντο
673 1207 734 1243 καὶ
760 1206 870 1243 αὐτοὶ
901 1206 1024 1253 ἀρχὴν
1058 1208 1126 1253 μὲν
1159 1207 1251 1244 θεὸν
1281 1209 1361 1244 τῶν
1386 1207 1557 1253 πάντων,

203 1271 311 1315 ςῶμα
338 1269 433 1305 ὄντα
458 1269 502 1305 τὸ
535 1268 825 1314 καθαρώτατον,
858 1269 921 1304 διὰ
945 1269 1102 1305 πάντων
1129 1270 1173 1305 δὲ
1199 1269 1341 1313 διήκειν
1366 1269 1437 1313 τὴν
1463 1269 1556 1314 πρό-

201 1344 313 1370 νοιαν
341 1332 461 1369 αὐτοῦ
481 1360 488 1368 .
508 1361 516 1371 .
537 1362 544 1369 .
586 1334 713 1384 Ipsam
736 1336 866 1372 autem
887 1334 994 1372 illam
1016 1335 1298 1384 providentiam
1321 1335 1383 1372 vel
1406 1335 1557 1384 sapien-

202 1397 293 1434 tiam
319 1397 380 1434 dei
407 1397 522 1434 etiam
547 1394 666 1439 λόγον
686 1396 886 1445 appellant,
913 1396 960 1434 cf.
982 1396 1189 1446 Chrysippi
1212 1396 1371 1446 frg.913
1393 1396 1556 1445 (Arnim,

204 1459 317 1497 Stoic.
345 1461 419 1496 vet.
446 1458 556 1508 frgm.
585 1458 625 1495 II
654 1458 747 1507 264,
777 1459 860 1506 18):
898 1455 1113 1502 Εἱμαρμένη
1141 1456 1237 1493 ἑςτὶν
1264 1456 1286 1493 ὁ
1312 1457 1382 1493 τοῦ
1415 1456 1559 1502 κόςμου

204 1517 319 1561 λόγος
345 1517 368 1562 ἢ
397 1517 513 1561 λόγος
537 1519 617 1554 τῶν
635 1517 676 1554 ἐν
693 1520 749 1566 τῷ
768 1517 897 1565 κόςμῳ
914 1517 1082 1565 προνοίᾳ
1099 1517 1390 1563 διοικουμένων.
1426 1520 1560 1569 Ipsum

203 1578 323 1623 λόγον
350 1593 439 1618 cum
468 1579 677 1629 definiunt,
712 1580 957 1630 distinguunt
989 1581 1093 1618 inter
1121 1578 1239 1623 λόγον
1266 1578 1490 1616 ἐνδιάθετον
1523 1583 1562 1618 et

204 1640 322 1684 λόγον
347 1640 604 1686 προφορικόν.
642 1642 890 1680 Notissimam
919 1653 1001 1680 rem
1031 1641 1169 1680 Zelleri
1197 1642 1326 1680 verbis
1355 1640 1558 1693 explicabo

202 1703 275 1748 (III
293 1718 306 1740 1
343 1715 378 1751 p.
400 1704 447 1740 67
480 1702 538 1740 ed.
565 1705 604 1751 3,
634 1704 681 1740 cf.
708 1705 747 1740 et
773 1703 859 1740 adn.
882 1704 940 1748 1);
975 1703 1183 1756 «Derselbe
1217 1703 1358 1752 Logos,
1388 1705 1558 1741 welcher

204 1763 385 1810 Gedanke
407 1764 468 1813 ist,
492 1775 534 1802 so
556 1764 648 1814 lang
670 1775 712 1803 er
733 1764 774 1802 in
798 1763 868 1803 der
888 1764 1008 1803 Brust
1028 1764 1159 1813 bleibt‚
1183 1764 1280 1802 wird
1302 1777 1389 1803 zum
1411 1765 1555 1815 Worte,

202 1838 316 1864 wenn
350 1838 392 1865 er
425 1838 494 1864 aus
527 1827 591 1864 ihr
625 1827 869 1865 hervortritt»
883 1829 923 1875 ²).
973 1827 1082 1865 Haec
1109 1828 1270 1865 rationis
1299 1829 1338 1866 et
1365 1829 1556 1866 sermonis

203 1887 399 1925 distinctio
422 1888 532 1926 initio
556 1890 659 1926 certe
681 1900 761 1926 non
782 1889 825 1925 in
847 1888 910 1926 dei
937 1891 1056 1936 λόγον
1080 1888 1273 1938 translata,
1302 1900 1394 1927 mox
1422 1889 1464 1927 in
1488 1890 1561 1928 hoc

204 1962 360 2000 quoque
394 1950 495 1989 facta
528 1953 595 1989 est.
642 1951 778 2000 Itaque
806 1951 923 2000 Apio,
958 1963 1073 1999 quem
1107 1963 1192 1989 esse
1225 1951 1370 1990 fontem
1403 1953 1557 1991 Aeliani

317 2056 337 2098 ¹)
359 2056 445 2089 Usus
468 2067 543 2089 sum
565 2057 676 2089 libris:
699 2056 903 2097 Harnack‚
927 2056 1106 2089 Lehrbuch
1129 2056 1188 2089 der
1204 2056 1559 2099 Dogmengesehichte,

204 2107 254 2140 ed.
272 2108 303 2149 3,
321 2108 455 2151 1894s73
472 2109 506 2141 F.
523 2108 660 2149 Loofs,
683 2108 860 2141 Leitfaden
875 2118 952 2140 zum
967 2107 1122 2140 Studium
1139 2108 1198 2140 der
1214 2109 1250 2140 D.
1265 2108 1313 2149 G.‚
1337 2109 1389 2141 ed.
1404 2109 1435 2149 4,
1461 2109 1559 2149 1906;

203 2160 245 2191 M.
261 2159 431 2199 Heinze‚
456 2160 516 2191 Die
538 2160 645 2191 Lehre
668 2169 747 2192 vom
770 2160 889 2201 Logos,
914 2160 1015 2199 1872;
1039 2160 1198 2200 A.Aa11,
1223 2160 1288 2192 Der
1302 2160 1422 2201 Logos,
1446 2162 1466 2193 2
1482 2162 1560 2194 voll.

313 2261 339 2302 ²)
366 2262 563 2294 Praeierant
591 2264 624 2293 et
645 2262 852 2302 Aristoteles,
881 2262 938 2303 qui
961 2262 1097 2294 disserit
1118 2262 1203 2294 haec
1227 2262 1335 2302 (Anal.
1360 2266 1448 2304 post.
1474 2264 1487 2295 1
1512 2264 1562 2304 10,

204 2310 269 2344 76¹»
284 2312 351 2354 24):
377 2314 418 2345 οὐ
441 2314 506 2353 γὰρ
531 2313 620 2353 πρὸς
641 2313 703 2345 τὸν
726 2314 790 2346 ἔξω
816 2313 919 2351 λόγον
942 2314 963 2353 ἡ
981 2313 1159 2354 ἀπόδειξις,
1184 2314 1268 2346 ἀλλὰ
1282 2315 1372 2354 πρὸς
1387 2316 1449 2347 τὸν
1466 2316 1503 2348 ἐν
1518 2320 1560 2358 τῇ

204 2367 310 2404 ψυχῇ,
340 2364 411 2395 ἐπεὶ
441 2365 521 2395 οὐδὲ
549 2364 775 2402 ςυλλογιςμός.
814 2363 865 2396 ἀεὶ
892 2365 959 2403 γὰρ
989 2365 1076 2396 ἐςτιν
1105 2365 1260 2404 ἐνςτῆναι
1288 2366 1377 2404 πρὸς
1403 2367 1465 2397 τὸν
1495 2367 1559 2398 ἔξω

204 2414 317 2454 λόγον,
331 2415 415 2446 ἀλλὰ
426 2415 515 2454 πρὸς
526 2415 589 2446 τὸν
601 2415 666 2447 ἔςω
679 2414 783 2453 λόγον
796 2415 859 2446 οὐκ
871 2414 921 2447 ἀεί
935 2415 988 2456 (cf.
1000 2414 1103 2447 etiam
1116 2415 1229 2457 Categ.
1239 2416 1270 2456 6,
1279 2415 1324 2448 41>
1333 2416 1389 2459 34)
1411 2419 1444 2449 et
1455 2416 1561 2458 Plato,

204 2465 261 2507 qui
284 2466 437 2498 διάνοιαν
457 2465 560 2498 modo
581 2467 742 2505 διάλογον
763 2468 877 2506 ψυχῆς
899 2467 988 2506 πρὸς
1009 2467 1145 2507 ἑαυτήν,
1168 2467 1270 2500 modo
1292 2468 1398 2506 λόγον
1418 2468 1460 2499 ὃν
1476 2468 1561 2508 αὐτὴ

204 2517 294 2556 πρὸς
312 2517 419 2557 αὐτὴν
442 2517 462 2556 ἡ
481 2518 576 2557 ψυχὴ
600 2518 764 2557 διέρξεται
781 2518 931 2558 appellat
947 2517 1130 2557 (Theaetet.
1148 2518 1251 2558 189e;
1273 2519 1314 2551 cs.
1334 2519 1435 2560 Soph.
1450 2519 1561 2560 263e).

269 2590 343 2622 XIV,
361 2594 383 2617 1.
1372 2584 1388 2616 1
