1779 2958
225 174 450 218 Quaestiones
461 173 709 206 Tertullianeae
721 173 766 205 ad
776 172 900 205 librum
915 172 1086 205 Adversus
1098 173 1254 205 Praxean
1269 174 1488 214 pertinentes.
1533 172 1580 209 19

224 278 380 316 initium
413 276 564 325 accepit
590 275 742 313 viarum
774 275 816 312 in
850 275 914 313 dei
947 287 1064 325 opera
1098 278 1137 313 et
1169 287 1269 324 quae
1304 277 1455 315 caelum
1491 290 1582 316 con-

224 338 406 387 firmavit,
433 348 504 387 per
525 348 641 386 quam
665 336 794 374 omnia
814 336 918 375 facta
940 339 1032 375 sunt
1054 338 1093 375 et
1115 336 1200 375 sine
1223 348 1298 386 qua
1320 338 1418 376 nihil
1438 339 1584 377 factum

226 403 293 440 est.
340 411 414 438 nec
448 399 596 437 diutius
633 398 681 437 de
717 399 809 447 isto,
846 398 958 447 quasi
993 409 1072 436 non
1106 398 1190 448 ipse
1226 398 1278 435 sit
1312 409 1438 438 sermo
1472 404 1511 439 et
1542 402 1584 439 in

225 462 383 512 sophiae
411 463 450 498 et
476 460 520 497 in
547 460 708 497 rationis
737 461 777 498 et
808 460 852 497 in
885 460 1009 498 omnis
1044 460 1166 498 divini
1200 460 1320 498 animi
1353 462 1392 499 et
1424 462 1583 511 spiritus

224 524 397 571 nomine,
426 522 494 571 qui
526 521 635 559 filius
671 521 798 560 factus
835 523 894 561 est
929 522 1009 572 dei,
1047 522 1095 561 de
1132 534 1209 572 quo
1243 522 1470 573 prodeundo
1503 524 1584 572 (15)

224 587 431 636 generatus
465 585 532 621 est.
575 595 682 633 ergo,
719 584 866 634 inquis,
903 584 972 623 das
1005 585 1174 634 aliquam
1208 585 1464 624 substantiam
1497 597 1583 624 esse

224 658 457 694 sermonem,
486 646 627 695 spiritu
656 650 694 684 et
721 647 879 696 Sophiae
906 646 1113 686 traditione
1142 648 1429 686 constructam?
1458 648 1581 698 plane.

224 720 304 747 non
325 708 386 745 vis
410 708 514 745 enim
538 718 627 744 eum
650 707 935 746 substantivum
957 709 1099 747 habere
1121 710 1163 746 in
1185 720 1227 747 re
1249 720 1320 759 per
1346 709 1582 748 substantiae

223 772 508 821 proprietatem,
533 772 556 816 <
571 781 621 807 ne
637 773 660 816 >
684 774 728 807 ut
748 782 811 808 res
840 774 879 808 et
904 782 1069 820 persona
1098 771 1287 820 quaedam
1310 771 1434 810 videri
1461 772 1584 821 possit

224 835 262 871 et
289 833 343 870 ita
370 833 497 881 capiat
524 832 721 870 secundus
755 844 778 870 a
811 832 882 870 deo
916 834 1148 871 constitutus
1183 833 1279 871 duos
1313 834 1473 871 efficere
1501 834 1582 881 (20)

223 898 371 946 patrem
400 895 439 933 et
465 894 608 943 filium,
637 893 755 933 deum
782 895 821 933 et
847 906 1073 934 sermonem.
1113 895 1208 945 quid
1236 897 1295 934 est
1323 895 1442 944 enim,
1471 894 1580 944 dicis,

224 968 362 1004 sermo,
390 956 468 993 nisi
496 968 575 993 vox
604 958 643 993 et
670 968 789 993 sonus
818 957 896 994 oris
926 959 973 1002 et,
1006 958 1109 994 sicut
1142 957 1385 1006 grammatici
1411 956 1578 1004 tradunt,

223 1029 290 1055 aer
325 1016 511 1065 offensus,
548 1016 812 1066 intellegibilis
850 1016 1000 1067 auditu,
1038 1020 1209 1056 ceterum
1246 1029 1413 1055 vacuum
1449 1018 1580 1055 nescio

224 1077 317 1127 quid
346 1080 384 1116 et
410 1077 528 1116 inane
557 1081 596 1115 et
618 1078 886 1127 incorporale?
915 1083 954 1117 at
976 1078 1046 1129 ego
1069 1080 1166 1117 nihil
1190 1080 1276 1118 dieo
1301 1080 1348 1117 de
1372 1078 1443 1117 deo
1466 1080 1581 1117 inane

224 1143 262 1177 et
288 1151 457 1177 vacuum
486 1139 639 1189 prodire
669 1140 852 1190 potuisse,
888 1144 931 1178 ut
967 1152 1046 1179 non
1074 1141 1122 1179 de
1150 1141 1258 1179 inani
1287 1144 1325 1179 et
1343 1152 1466 1179 vacuo
1495 1152 1582 1190 pro-

221 1203 342 1240 latum
370 1202 465 1251 (25),
499 1214 573 1241 nec
602 1214 734 1242 carere
763 1201 980 1241 substantia
1014 1202 1119 1252 quod
1151 1202 1198 1242 de
1232 1205 1337 1242 tanta
1369 1204 1583 1242 substantia

220 1264 411 1312 processit
439 1265 478 1301 et
504 1265 630 1301 tantas
659 1263 892 1301 substantias
920 1263 1030 1310 fecit3
1060 1264 1155 1301 fecit
1183 1265 1287 1301 enim
1316 1268 1355 1302 et
1375 1266 1460 1314 ipse
1483 1276 1582 1313 quae

221 1324 323 1362 facta
350 1325 442 1362 sunt
469 1321 621 1374 (23711)
653 1336 723 1375 per
750 1324 870 1362 illum.
906 1328 928 1372 <
945 1328 1051 1372 aut>
1081 1325 1195 1375 quale
1224 1329 1293 1376 est,
1328 1327 1373 1364 ut
1400 1326 1497 1364 nihil
1530 1326 1581 1364 sit

220 1387 319 1435 ipse,
347 1386 432 1423 sine
461 1398 536 1435 quo
564 1386 662 1423 nihil
689 1388 834 1424 factum
864 1389 939 1435 est,
972 1390 1018 1424 ut
1050 1387 1177 1425 inanis
1212 1388 1335 1425 solida
1369 1391 1407 1425 et
1434 1400 1581 1426 vacuus

220 1447 334 1496 plena
363 1451 402 1485 et
428 1447 681 1497 incorporalis
711 1448 925 1497 corporalia
953 1449 1003 1486 sit
1031 1449 1239 1498 operatus?
1262 1479 1269 1486 .
1290 1479 1297 1487 .
1319 1479 1326 1487 .

328 1531 371 1563 28
394 1535 446 1564 est
468 1542 528 1564 om.
550 1532 576 1564 P
596 1532 684 1573 (add.
705 1533 736 1565 R
759 1534 796 1563 in
816 1543 880 1573 my.
903 1543 945 1564 ex
965 1533 1237 1575 Hirsauyiensi);
1290 1534 1332 1565 29
1355 1534 1436 1566 dare
1459 1549 1498 1560 =
1519 1544 1579 1565 an-

220 1582 366 1623 nehmen,
390 1586 427 1613 ut
449 1584 580 1615 videtur
603 1583 692 1625 (adn.
708 1583 791 1625 Kr);
836 1583 880 1616 30
901 1584 1013 1625 plane.
1043 1593 1113 1616 non
1136 1584 1188 1616 vis
1212 1583 1304 1616 enim
1326 1585 1453 1627 MFGR,
1477 1586 1579 1626 plane

220 1633 377 1665 novimus
394 1633 437 1673 P;
482 1634 524 1665 32
548 1644 591 1666 ne
614 1635 690 1666 add.
706 1634 770 1675 Kr,
792 1637 852 1676 qui
873 1637 1026 1667 adnotat:
1051 1636 1168 1668 ‘utres
1191 1637 1225 1668 et
1247 1644 1394 1677 persona
1408 1636 1576 1676 intelleye:

219 1686 304 1716 sicut
326 1694 380 1716 res
401 1686 450 1716 ita
466 1689 496 1717 et
505 1686 684 1726 persona’3
729 1685 773 1718 33
788 1687 902 1728 capiat
919 1686 985 1719 R³:
1010 1686 1126 1728 capias
1142 1686 1257 1718 PMFR
1268 1688 1295 1725 ¹3
1340 1686 1383 1718 34
1405 1686 1491 1719 dicis
1505 1686 1576 1718 Kr:

219 1735 314 1768 dices
337 1736 440 1776 PMF;
484 1736 527 1768 35
551 1746 663 1769 sermo
684 1737 730 1768 R:
760 1737 910 1770 sermoni
932 1738 957 1769 P
988 1737 1086 1779 (corr.
1108 1737 1149 1776 R)
1176 1737 1250 1777 MR:
1305 1736 1348 1769 38
1370 1737 1505 1777 prodire
1528 1737 1577 1768 R:

219 1786 361 1826 prodere
383 1787 408 1819 P
430 1787 527 1828 (corr.
546 1788 586 1830 R)
609 1789 684 1827 MF;
730 1788 773 1820 39
793 1788 883 1829 quod
898 1788 939 1820 de
954 1790 1051 1820 tanta
1066 1787 1259 1820 substantia
1273 1797 1333 1819 om
1351 1788 1375 1819 P
1389 1788 1476 1828 (add.
1493 1788 1523 1820 R
1538 1798 1579 1819 ex

218 1837 490 1879 Hirsauqiensi);
535 1839 579 1870 40
600 1841 715 1871 ta'ntas
738 1839 947 1871 substantias
963 1839 1029 1878 RF,
1051 1840 1147 1870 tanta
1169 1838 1380 1870 substantias
1395 1838 1428 1869 M
1449 1838 1577 1879 (tantas

218 1898 259 1921 m.
276 1887 317 1930 3),
341 1891 437 1922 tanta
460 1890 651 1923 substantia
667 1889 693 1922 P
715 1889 813 1932 (corr.
830 1889 891 1931 R);
935 1889 978 1921 41
1002 1890 1061 1921 aut
1083 1889 1217 1920 addidit
1232 1888 1296 1920 Kr.

326 1965 536 2003 Vertamur
554 1977 661 2003 nunc
682 1965 732 2002 ad
753 1966 878 2015 prima
898 1966 1022 2002 nostri
1045 1965 1181 2013 capitis
1198 1965 1326 2002 verba.
1357 1966 1500 2014 Agitur
1520 1965 1578 2002 ibi

219 2025 267 2065 de
286 2027 498 2076 sententiis,
514 2039 612 2076 quae
632 2027 725 2076 quid
744 2026 819 2065 sibi
832 2026 965 2075 velint,
984 2026 1077 2064 satis
1093 2030 1259 2076 apparet.
1287 2026 1578 2066 Enumerantur

219 2089 407 2126 sermonis
436 2089 630 2126 nascentis
658 2089 767 2137 quasi
797 2088 950 2137 singula
978 2091 1172 2125 momenta
1205 2089 1418 2137 scripturae
1446 2090 1576 2127 verbis

219 2152 490 2202 comprobata:

440 2213 618 2253 conditus
639 2236 688 2242 —-
709 2214 894 2263 sophiae:
916 2213 1095 2250 dominus
1116 2235 1166 2240 —
1187 2213 1347 2262 viarum,

439 2276 581 2314 dehinc
602 2297 653 2303 —
672 2275 886 2314 effectum:
908 2287 996 2313 cum
1022 2297 1073 2302 —
1096 2274 1249 2312 aderam
1280 2275 1348 2325 illi,

218 2338 424 2387 sequentia
450 2336 676 2375 Tertulliani
708 2336 831 2386 ipsius
865 2336 1146 2374 confirmantur
1175 2336 1317 2387 verbis,
1352 2338 1400 2376 de
1435 2339 1577 2388 quibus

217 2397 318 2437 infra
346 2399 500 2448 plenius
529 2397 809 2448 disputabitur,
838 2399 1036 2447 sequitur:

437 2459 734 2509 primogenitus:
764 2462 809 2497 ut
836 2462 924 2497 ante
954 2460 1082 2497 omnia
1110 2460 1277 2509 genitus,

438 2523 477 2560 et
504 2522 747 2571 unigenitus:
776 2525 822 2560 ut
849 2522 954 2560 solus
982 2533 1032 2560 ex
1062 2521 1134 2560 deo
1163 2523 1331 2572 genitus.
1384 2577 1424 2609 2*

1615 351 1649 378 25

1613 1276 1646 1302 40
