1779 2958
161 188 212 224 14
599 189 765 231 Ludwig
788 190 1083 231 Roseumeyer,

157 294 365 344 gefolgert,
401 293 474 331 dass
510 293 578 331 der
611 304 738 331 sermo
773 292 918 330 ebenso
947 292 1020 330 wie
1049 291 1111 329 die
1140 292 1238 330 ratio
1272 292 1313 329 in
1343 291 1434 329 Gott
1462 292 1524 330 ein

160 355 324 394 Zweites
360 356 426 405 ist,
463 354 632 393 sondern
670 366 711 393 es
746 353 843 392 wird
875 357 1025 404 gesagt,
1060 353 1133 392 dass
1169 353 1238 392 der
1270 355 1423 402 innere‚
1458 353 1527 392 der

159 417 532 465 Gedanken-sermo‚
560 416 884 466 gewissermassen
915 416 978 454 ein
1007 416 1165 454 zweiter
1193 427 1318 453 sermo
1347 415 1420 464 sei,
1450 415 1526 452 den

160 490 250 516 man
269 490 345 515 von
371 478 458 516 dem
481 477 772 527 gesprochenen
792 488 918 515 sermo
937 477 1041 514 wohl
1060 476 1362 515 unterscheiden
1385 479 1525 514 miisse.

159 538 238 576 Das
258 538 309 576 ist
329 538 391 576 die
419 537 547 576 flache
560 537 871 588 Wiederholung
896 538 964 576 des
989 537 1059 576 der
1076 538 1298 577 Deduktion
1324 537 1525 588 zugrunde

159 602 368 652 liegenden
406 602 638 640 Gedankens
674 601 756 639 und
794 600 925 650 bringt
960 599 1068 639 diese
1106 600 1227 639 selbst
1265 599 1375 637 nicht
1411 599 1526 636 einen

159 663 307 702 Schritt
329 663 474 701 weiter.
504 662 648 701 Schuld
675 662 795 700 daran
818 663 869 699 ist
891 661 961 700 der
982 662 1250 711 Interpolator‚
1272 661 1441 699 welcher
1463 659 1526 699 die

159 725 296 762 Wotte
316 723 528 762 ‘secundus
549 723 846 774 quodammodo’
866 723 985 772 nicht,
1006 723 1079 761 wie
1099 735 1142 761 er
1161 724 1264 761 hatte
1283 723 1418 772 sollen,
1441 726 1527 773 pra-

161 785 318 834 dikativ,
348 785 518 824 sondern
548 786 751 823 attributiv
780 786 894 824 fasste.
943 785 997 823 Er
1025 786 1207 824 verstand
1236 787 1336 824 also:
1372 797 1415 824 so
1444 785 1528 836 gibt

158 859 202 886 es
235 849 276 885 in
312 848 373 885 dir
404 847 731 897 gewissermassen
761 847 890 885 ‘einen
918 848 1080 886 zweiten
1111 846 1260 896 sermo',
1295 848 1376 885 und
1405 850 1526 886 setzte

160 922 242 947 nun
272 922 342 947 zur
367 909 706 959 Verdeutlichung
734 909 797 948 die
816 909 968 948 Worte:
1005 909 1087 959 ‘per
1115 921 1232 959 quem
1258 909 1430 959 loqueris
1460 940 1467 947 .
1489 940 1496 947 .
1518 940 1525 947 .

158 972 260 1009 alius
285 972 356 1009 est’
381 972 509 1009 hinzu.
546 971 688 1021 Gesagt
710 971 803 1010 aber
826 972 893 1009 hat
913 971 1140 1010 Tertullian:
1166 972 1229 1010 ‘So
1253 972 1305 1010 ist
1325 972 1527 1021 gewisser-

161 1033 301 1071 massen
331 1032 401 1070 der
428 1044 555 1070 sermo
585 1033 649 1070 ein
678 1034 838 1071 zweiter
864 1033 906 1070 in
936 1033 1041 1070 dir’.»

270 1094 347 1132 Sed
365 1093 418 1142 id,
441 1107 464 1131 a
487 1106 563 1142 quo
587 1094 865 1142 Kroymaunus
887 1094 1161 1143 proficiscitur,
1184 1096 1333 1132 rectum
1353 1106 1432 1132 non
1452 1097 1526 1139 est;

160 1155 237 1193 iam
267 1154 549 1205 explicavimus
580 1155 680 1194 hanc
708 1155 949 1194 sententiam.
992 1155 1099 1194 Bene
1128 1167 1177 1194 ex
1206 1155 1527 1195 antecedentibus

160 1217 410 1255 concluditur
450 1218 601 1255 verbis:
646 1218 765 1255 habes
807 1218 848 1254 in
891 1219 930 1255 te
973 1218 1191 1255 secundum
1232 1218 1426 1266 quendam
1465 1218 1528 1256 vel

157 1278 278 1317 alium
309 1290 527 1317 sermonem
551 1278 613 1328 (cf.
634 1290 752 1328 supra
774 1279 893 1324 λέγειν
914 1278 957 1316 ἐν
977 1279 1130 1329 ἑαυτῷ);
1161 1290 1260 1329 quae
1283 1279 1529 1329 explicantur

160 1341 307 1379 verbis:
338 1341 421 1391 ‘per
449 1353 565 1390 quem
593 1341 764 1391 loqueris
794 1340 1010 1391 cogitando’
1031 1364 1081 1368 ——
1112 1341 1263 1379 scilicet
1285 1353 1364 1379 non
1387 1341 1527 1390 verbis,

158 1404 229 1442 sed
258 1405 424 1452 mente1)
455 1426 500 1431 -—
528 1405 581 1442 ‘et
608 1415 678 1454 per
705 1414 821 1453 quem
852 1403 997 1452 cogitas
1027 1402 1242 1452 loquend03
1272 1403 1356 1453 ipse
1384 1403 1524 1441 sermo’

159 1489 211 1493 —
240 1477 356 1515 quem
385 1465 514 1504 verbis
545 1466 740 1515 eloqueris
769 1487 820 1492 ——
850 1464 963 1502 ‘alius
993 1465 1074 1503 est'.
1115 1464 1240 1503 ‘alius’
1269 1468 1425 1515 propter
1452 1465 1525 1503 ‘se-

158 1527 327 1565 cundus'
352 1526 547 1565 adiectum
576 1529 644 1565 est.
685 1527 793 1565 Duas
823 1528 1034 1565 sententias
1057 1528 1111 1565 ita
1134 1529 1356 1566 coniunxit:
1390 1530 1421 1566 1.
1446 1540 1525 1567 ser-

160 1600 316 1627 monem
345 1588 539 1638 quendam
566 1589 802 1638 (ἑνδιάθετον
831 1588 993 1636 scilicet)
1020 1589 1063 1626 in
1091 1589 1197 1627 omni
1226 1592 1457 1640 διαλογιεμῷ
1487 1591 1526 1628 in

160 1650 273 1688 nobis
297 1662 383 1688 esse
407 1651 621 1688 secundum
652 1651 689 1699 (i.
711 1662 741 1688 e.
763 1651 876 1699 quasi
899 1650 1059 1688 alteram
1081 1653 1310 1700 personam),
1340 1652 1374 1688 2.
1397 1652 1527 1700 ipsum

161 1722 380 1750 sermonem
409 1712 476 1761 qui
504 1711 660 1761 proprie
688 1712 742 1749 ita
771 1713 933 1750 vocetur
959 1711 1088 1761 alium,
1118 1712 1153 1749 h.
1175 1723 1206 1751 e.
1235 1712 1282 1750 ab
1311 1712 1377 1751 illo
1399 1713 1527 1764 priore

161 1775 359 1812 diversum
395 1785 489 1812 esse.
530 1775 659 1812 Antea
687 1774 792 1812 enim
820 1786 855 1823 p.
877 1772 1026 1813 233112
1057 1773 1209 1812 dixerat
1237 1786 1455 1813 sermonem
1484 1787 1527 1813 re

159 1847 253 1873 vera
285 1836 396 1872 illum
430 1835 675 1881 προφορικὸν
704 1835 827 1879 λόγον
856 1835 1090 1883 significare.
1135 1835 1273 1873 Omnia
1301 1836 1422 1886 igitur
1449 1848 1528 1875 ser-

160 1897 287 1937 vanda
315 1900 425 1937 sunt:
456 1897 551 1945 ἔχειε
579 1897 621 1936 ἑν
650 1898 775 1947 (αυτῷ
804 1897 937 1944 ἕτερόν
965 1910 1047 1936 τινα
1074 1898 1203 1947 λόγον,
1239 1898 1287 1937 δι’
1307 1897 1356 1937 οὗ
1383 1898 1529 1944 λογιζό-

159 1972 274 2006 μενος
297 1961 417 2004 λέγει(
440 1960 501 1996 καὶ
523 1960 646 2004 λέγων
673 1959 822 2008 λογίζῃ·
851 1957 967 1998 αὐτὸ(
993 1961 1036 1997 δὲ
1060 1959 1083 1997 ὁ
1109 1958 1376 2009 (προφορικόε)
1407 1961 1527 2005 λόγος

159 2021 291 2068 ἕτερός
320 2021 428 2060 ἐςτιν.
469 2020 586 2059 Nunc
614 2022 751 2059 auctor
779 2020 827 2059 ad
857 2020 896 2058 id
925 2021 1145 2071 revertitur,
1173 2034 1196 2060 a
1224 2034 1302 2072 quo
1337 2021 1526 2061 discessit.

159 2083 314 2128 Quanto
343 2084 499 2132 plenius
529 2083 605 2121 hoc
632 2083 673 2119 in
702 2083 775 2121 deo
804 2083 1084 2132 intellegimus,
1114 2084 1226 2121 cuius
1255 2085 1369 2125 homo
1398 2084 1526 2133 imago

160 2148 312 2183 tantum
336 2145 421 2182 est?
447 2144 601 2194 ‘agitur'
621 2141 929 2194 (234113-717)
947 2145 1121 2194 profecto
1141 2156 1193 2183 ex
1211 2145 1340 2195 priore
1361 2144 1448 2195 ‘agi’
1467 2144 1527 2182 in-

161 2207 278 2253 vasit3
301 2207 479 2245 desidero
498 2207 653 2256 aliquod
676 2207 849 2256 verbum,
870 2219 920 2246 ex
941 2220 1017 2256 quo
1032 2207 1200 2258 pendeat
1218 2219 1387 2257 sequens
1407 2207 1525 2257 ‘quod

161 2268 299 2306 habeat
319 2299 326 2306 .
348 2298 355 2306 .
377 2269 418 2315 .’;
444 2280 563 2318 quare
583 2271 688 2307 certe
708 2268 960 2307 scribendum
981 2270 1059 2306 est:
1082 2269 1239 2318 ‘quanto
1263 2280 1353 2319 ergo
1374 2268 1527 2318 plenius

160 2330 236 2368 hoc
255 2331 535 2380 ag<nosc>itur
553 2331 595 2368 in
615 2331 711 2380 deo',
740 2331 788 2369 ad
808 2331 912 2381 quod
936 2331 1092 2381 egregie
1111 2342 1153 2369 se
1173 2330 1393 2380 adiungunt
1410 2331 1528 2370 verba

159 2391 279 2439 ‘quod
309 2392 448 2429 habeat
475 2393 516 2429 in
545 2404 587 2430 se
611 2393 724 2430 etiam
749 2392 913 2430 tacendo
936 2392 1126 2430 rationem
1149 2395 1189 2430 et
1210 2392 1252 2429 in
1274 2392 1424 2430 ratione
1447 2404 1527 2431 ser-

160 2452 328 2491 monem'
363 2452 435 2499 (ὅτι
469 2454 530 2492 καὶ
564 2457 678 2499 (ιγῶν
709 2451 953 2501 διαλογιεμὸν
982 2455 1042 2491 καὶ
1076 2454 1117 2492 ἐν
1151 2455 1378 2504 διαλογιεμῷ
1407 2454 1527 2500 λόγον

275 2535 298 2575 ¹)
324 2534 372 2566 Cf.
390 2544 494 2576 supra
509 2536 776 2568 ‘conlocutorem
800 2535 927 2576 pateris
951 2535 1166 2567 sermonem’.
