1779 2958
205 165 257 203 20
643 169 810 212 Ludwig
833 170 1134 214 Rosenmeyer,

314 273 418 311 Ante
441 273 571 311 omnia
594 272 833 312 restituenda
856 275 916 312 est
937 275 1130 313 sententia
1158 275 1260 314 ‘eum
1293 278 1468 327 pa(t)rem
1496 277 1570 315 sibi

205 337 380 375 fa-ciens’.
421 336 482 375 ‘de
511 336 612 385 quo’,
642 336 676 374 h.
697 348 728 374 e.
758 335 806 375 de
833 339 952 386 patre,
981 349 1095 376 nemo
1125 338 1324 388 dubitabit,
1354 341 1449 390 quin
1471 339 1571 379 refe-

205 399 371 436 rendum
401 399 452 436 sit
474 398 522 435 ad
546 398 675 447 ‘eum’,
703 398 744 434 in
773 410 849 447 quo
872 399 993 448 igitur
1014 399 1251 449 significatio
1274 401 1419 451 'pater'‚
1447 403 1569 448 inest;

205 461 352 511 ‘pater'
383 472 472 499 cum
501 460 552 498 sit
585 460 701 499 huius
735 462 951 501 sententiae
986 462 1196 512 obiectum,
1230 463 1451 503 subiectum
1485 476 1569 504 esse

204 535 283 560 non
312 525 448 570 potest,
478 533 597 570 quare
621 522 754 560 ‘filius’
783 523 1001 561 subiectum
1026 527 1094 561 est.
1134 524 1176 562 Si
1199 525 1490 564 consideramus
1519 527 1569 575 id,

205 584 308 634 quod
338 584 386 622 de
415 583 516 621 bona
544 583 823 621 sententiarum
852 585 1131 635 compositione
1159 585 1273 624 modo
1304 586 1485 637 diximus,
1508 588 1571 626 vel

204 647 295 685 inde
324 646 480 684 ‘filium'
510 656 594 684 esse
624 645 845 685 subiectum
872 647 1046 698 intellegi
1074 649 1208 698 potest.
1245 648 1502 699 Repetamus:

494 707 688 745 ‘conditus
717 730 770 736 ——
799 708 970 758 sophiae’
994 721 1001 747 :
1023 709 1063 746 id
1093 713 1151 748 est
1177 710 1295 748 filius.

493 769 650 808 ‘dehinc
679 793 729 797 —
760 770 958 809 effectum’
980 771 1048 809 :id
1077 775 1136 810 est
1163 772 1282 811 filius.

495 831 653 870 ‘exinde
686 854 730 859 —-
762 832 923 870 faciens’
946 846 953 870 :
976 832 1015 870 id
1044 836 1105 872 est
1131 835 1249 873 ffliuS.

316 895 349 933 A
376 895 460 933 fih'o
490 898 637 945 patrem
666 894 749 932 filio
784 907 916 945 parem
949 896 1097 935 factum
1131 909 1216 936 esse
1251 896 1462 935 absurdum
1491 899 1567 943 est;

206 959 380 1008 ‘patrem'
404 958 525 1007 igitur
547 957 795 994 scribendum
822 959 889 1006 est,
919 959 1023 1007 quod
1047 970 1180 996 omnes
1199 959 1385 1008 praebent
1404 960 1569 1007 codices,

207 1020 312 1071 quod
341 1023 380 1059 et
406 1020 482 1059 MP
517 1018 696 1058 codicum
729 1019 963 1071 archetypus
998 1021 1191 1072 praebuit,
1225 1021 1331 1059 solus
1359 1020 1391 1059 P
1425 1021 1569 1060 codicis

206 1083 388 1121 libram'us
418 1094 488 1120 seu
512 1094 561 1119 m.
579 1083 613 1119 2.
643 1082 769 1131 (plane
793 1084 866 1122 hoc
891 1084 1129 1134 distinguere
1152 1096 1231 1121 non
1253 1085 1376 1134 potui)
1395 1084 1569 1134 ‘patrem’

206 1145 248 1182 in
273 1144 431 1194 ‘parem'
456 1143 639 1192 correxit,
669 1155 785 1192 quem
809 1145 843 1183 R
866 1145 1008 1195 aliique
1032 1149 1123 1184 sunt
1145 1146 1280 1184 secuti.
1328 1144 1570 1195 Quamquam

207 1206 394 1244 audacius
416 1206 511 1243 haec
526 1205 644 1242 verba
661 1206 763 1244 ‘eum
778 1210 924 1256 patrem
942 1208 1018 1245 sibi
1031 1208 1192 1246 faciens’
1208 1207 1309 1245 dicta
1325 1210 1426 1256 sunt,
1440 1209 1570 1246 tamen

207 1271 357 1305 mutare
370 1267 505 1313 nolim;
527 1266 574 1303 cf.
587 1278 617 1303 c.
628 1266 669 1303 X
683 1265 1044 1317 (241l14—1‘21'32)
1059 1268 1151 1307 ‘non
1164 1280 1255 1317 ergo
1267 1280 1332 1306 ero
1345 1271 1463 1318 pater,
1479 1269 1570 1318 quia

204 1329 333 1367 filium
358 1340 435 1366 non
454 1327 587 1376 habeo,
604 1328 670 1377 qui
687 1329 780 1366 facit
796 1329 967 1379 patrem.’
991 1334 1029 1368 et
1046 1329 1191 1368 ibidem
1210 1327 1569 1379 (240119-12110)

206 1392 357 1439 ‘atquin
385 1394 495 1439 pater
522 1389 649 1427 filium
672 1390 767 1428 facit
789 1393 829 1429 et
851 1395 997 1441 patrem
1020 1392 1151 1430 filius’.
1195 1392 1270 1430 Sed
1294 1392 1569 1440 Kroymannus

205 1451 322 1490 verba
358 1450 418 1489 ‘de
453 1463 530 1500 quo
564 1451 808 1501 procedendo
841 1453 949 1491 filius
983 1454 1109 1492 factus
1143 1455 1218 1492 est'
1253 1455 1403 1491 mutare
1436 1453 1568 1491 voluit.

204 1514 326 1552 Recte
355 1514 550 1551 intellexit
577 1514 647 1550 toti
676 1515 876 1552 enuntiato
901 1516 1063 1553 verbum
1087 1516 1222 1553 deesse
1251 1515 1299 1553 ad
1323 1515 1425 1563 quod
1454 1515 1570 1564 parti-

206 1575 308 1624 cipia
327 1587 369 1612 se
389 1575 656 1623 adiungerent,
676 1576 935 1624 cognovitque
951 1576 1107 1614 ‘exinde
1129 1577 1178 1613 et’
1194 1576 1292 1612 nihil
1311 1577 1403 1613 novi
1418 1576 1569 1624 afferre,

208 1648 442 1685 quamquam
470 1638 688 1675 necessario
718 1637 1096 1676 commemorandum
1127 1640 1207 1674 erat
1233 1637 1359 1674 filium
1390 1649 1439 1675 ex
1462 1638 1569 1686 patre

207 1698 370 1744 exiisse;
401 1699 442 1735 in
471 1698 528 1736 ed.
551 1699 635 1736 mai.
665 1698 791 1752 igiturss
816 1700 936 1737 ‘filius
961 1700 1088 1738 factus
1115 1699 1184 1736 est'
1212 1698 1329 1736 verba
1357 1698 1570 1736 sententiae

206 1759 412 1809 primariae
432 1759 602 1798 reddidit
625 1762 663 1799 et
681 1764 769 1799 ante
790 1772 834 1799 ea
851 1761 1029 1799 lacunam
1051 1760 1230 1810 signavit,
1251 1760 1354 1809 quod
1378 1759 1467 1798 fieri
1491 1772 1569 1798 non

205 1833 318 1870 posse
342 1822 435 1858 satis
458 1825 632 1870 apparet:
658 1822 719 1860 ‘de
743 1835 818 1871 quo
842 1822 1087 1872 procedendo
1109 1822 1219 1859 filius
1241 1821 1367 1859 factus
1391 1821 1462 1859 est’
1491 1832 1570 1859 ser-

204 1883 373 1922 vandum
388 1885 455 1932 est,
469 1883 573 1932 quod
587 1883 796 1934 respondet
807 1884 1020 1923 sententiae
1032 1883 1134 1922 ‘eum
1147 1885 1296 1933 patrem
1308 1883 1383 1920 sibi
1397 1883 1569 1921 faciens'.

206 1945 290 1983 Nec
318 1945 474 1982 felicius
508 1945 549 1981 in
579 1945 749 1983 editione
777 1946 927 1983 minore
955 1945 1161 1983 restituere
1190 1948 1352 1983 conatus
1387 1947 1445 1982 est
1479 1957 1570 1982 con-

205 2007 379 2044 textum:
408 2005 469 2043 ‘de
490 2017 566 2055 quo
586 2006 832 2055 procedendo
853 2006 950 2052 <fit>
970 2006 1089 2056 filius,
1109 2006 1238 2045 factus
1258 2009 1319 2045 est
1337 2006 1570 2056 primogeni-

207 2074 271 2107 tus
286 2099 293 2107 .
308 2099 315 2106 .
329 2069 350 2106 .'
380 2068 438 2106 De
455 2080 501 2106 ea
516 2069 619 2106 enim
636 2080 677 2106 re
693 2081 782 2107 cum
798 2069 966 2106 maxime
979 2069 1116 2118 agitur,
1132 2069 1234 2118 quod
1246 2069 1354 2107 filius
1366 2068 1432 2106 ille
1444 2068 1570 2106 factus

207 2133 274 2180 est,
297 2143 373 2169 non
396 2130 500 2180 quod
520 2131 801 2180 primogenitus
821 2131 881 2168 est
899 2135 938 2168 et
961 2130 1196 2180 unigenitus.
1237 2129 1328 2167 Alio
1352 2129 1438 2168 loco
1465 2141 1571 2168 men-

208 2193 302 2231 dum
331 2193 597 2242 quaerendum
626 2196 693 2231 est.
735 2192 843 2241 Cum,
872 2196 917 2229 ut
945 2192 1021 2229 iam
1050 2191 1232 2241 diximus,
1261 2191 1391 2230 verbis
1414 2191 1570 2230 ‘exinde

208 2266 297 2293 eum
327 2256 475 2305 patrem
503 2254 578 2292 sibi
600 2254 763 2293 faciens’
786 2253 885 2291 nihil
907 2253 1000 2292 novi
1023 2253 1220 2302 afferatur,
1250 2253 1389 2291 haereo
1412 2253 1453 2290 in
1477 2265 1570 2292 voce

208 2317 388 2355 ‘exinde’.
418 2317 459 2355 Si
479 2329 567 2355 eum
583 2317 886 2356 Reitzensteinio
903 2316 1072 2354 ‘exinde’
1087 2315 1365 2353 mutaverimus
1378 2315 1420 2352 in
1436 2315 1570 2364 ‘exiit’‚

209 2390 341 2417 omnes
371 2379 622 2418 difficultates
657 2391 677 2417 e
706 2378 834 2417 medio
869 2379 1041 2417 sublatae
1071 2381 1194 2416 erunt.
1239 2377 1438 2415 Sententia
1466 2389 1571 2416 nunc

210 2444 289 2479 est:
315 2440 426 2479 ‘exiit
454 2453 543 2479 eum
567 2443 715 2491 patrem
739 2440 813 2479 sibi
835 2441 997 2490 faciens,
1022 2440 1070 2479 de
1093 2452 1169 2490 quo
1193 2440 1439 2490 procedendo
1462 2441 1570 2479 filius

209 2502 338 2541 factus
359 2506 427 2552 est,
445 2503 726 2552 primogenitus
747 2533 754 2541 .
776 2533 783 2540 .
805 2503 828 2541 .’
857 2503 913 2541 Ea
930 2514 983 2552 re,
1004 2502 1108 2552 quod
1128 2503 1211 2541 exit
1231 2502 1253 2540 ὁ
1276 2502 1404 2548 λόγος,
1434 2502 1456 2539 ὁ
1475 2505 1571 2541 νοῦ(
