1779 2958
207 191 432 232 Quaestiones
445 190 693 222 Tertullianeae
706 190 749 221 ad
759 190 882 222 librum
897 190 1069 221 Adversus
1081 190 1236 222 Praxean
1252 190 1468 229 pertinentes.
1515 188 1564 223 25

207 295 439 343 substantia,
473 294 541 332 sed
572 294 714 343 forma,
748 305 822 332 nec
854 294 1061 343 potestate,
1096 293 1164 332 sed
1193 294 1337 342 specie,
1367 316 1417 320 —
1447 294 1565 331 unius

207 360 338 395 autem
365 356 601 395 substantiae
631 359 669 394 et
702 356 819 394 unius
852 357 974 394 status
1009 360 1047 394 et
1079 357 1197 394 unius
1230 356 1446 405 potestatis,
1477 356 1565 405 quia

206 431 310 457 unus
340 419 446 467 deus,
476 430 526 457 ex
555 430 631 467 quo
660 421 699 456 et
719 418 862 469 gradus
885 419 950 456 isti
974 420 1013 456 et
1033 419 1180 456 formae
1210 420 1249 456 et
1271 418 1421 468 species
1450 419 1490 455 in
1515 420 1566 466 (5)
1602 423 1635 447 ¹⁴³

207 481 362 518 nomine
390 480 509 530 patris
538 484 576 518 et
603 480 676 518 filii
705 483 744 519 et
771 481 930 531 spiritus
960 482 1083 520 sancti
1112 481 1368 531 deputantur’.

313 543 403 581 Tam
429 544 583 593 egregie
607 546 742 581 auctor
765 544 984 582 construxit
1002 544 1224 592 sententias,
1248 546 1292 581 ut
1311 554 1444 581 omnes
1464 543 1567 580 inter

207 616 249 642 se
277 608 404 652 partes
426 604 694 654 respondeant.
730 604 771 642 Si
792 616 881 642 cum
900 605 1150 653 Kroymanno
1170 608 1420 652 mutaremus,
1445 605 1563 641 totam

206 665 423 705 doleremus
442 666 620 716 figuram.
654 665 732 705 Sex
756 666 928 705 membra
958 667 1088 717 posuit
1104 667 1373 715 Tertullianus,
1400 677 1565 715 quorum

206 729 280 765 tria
315 730 464 777 (status,
501 728 731 777 substantia,
768 730 951 777 potestas)
988 730 1161 766 omnium
1198 733 1290 766 sunt
1327 728 1563 775 communia,

205 786 330 825 tribus
357 786 475 825 rebus
503 786 653 836 (gradu,
682 787 820 836 forma,
855 788 999 837 specie)
1029 788 1217 826 differunt
1244 789 1346 827 inter
1374 801 1416 828 se
1444 792 1564 839 pater,

204 849 324 896 filius,
359 849 515 898 spiritus
550 851 717 887 sanctus.
757 849 890 887 Priore
924 851 965 886 in
1000 851 1191 888 sententia
1219 852 1371 900 singula
1398 852 1563 901 singulis

206 914 463 961 opponuntur,
493 923 581 948 cum
612 910 865 960 sequentibus
893 912 934 948 in
958 911 1161 949 sententiis
1185 923 1229 948 ea
1252 912 1434 960 membra,
1463 923 1563 961 quae

205 973 307 1011 inter
330 985 371 1011 se
395 973 611 1022 cohaerent,
636 973 922 1022 coniungantur
932 975 970 1022 1).
1006 974 1053 1011 In
1075 972 1320 1011 adnotatione
1343 973 1392 1011 ad
1412 972 1561 1011 2⁴29l29

205 1034 359 1084 scripsit
378 1034 652 1083 Kroymannus
672 1033 857 1084 ‘dirigens
877 1053 917 1066 =
937 1035 1175 1074 contendens
1199 1037 1307 1085 esse’,
1332 1037 1399 1075 sed
1419 1039 1563 1085 nescio,

204 1110 254 1135 an
284 1098 355 1135 hoc
383 1100 533 1135 rectum
561 1110 640 1135 non
668 1097 726 1134 sit.
766 1096 880 1135 Hane
909 1098 1233 1147 significationem
1262 1098 1366 1148 apud
1387 1102 1563 1137 nostrum

205 1161 402 1197 auctorem
430 1171 507 1196 non
542 1159 705 1208 repperi.
750 1158 926 1196 Fortasse
955 1158 1176 1198 ‘dirimens’
1211 1160 1460 1198 scribendum
1494 1162 1561 1198 est.

204 1221 366 1271 Magnas
382 1220 634 1258 difficultates
650 1221 689 1258 et
704 1219 964 1270 ‘deputantur'
979 1218 1131 1269 (23015)
1147 1221 1241 1258 mihi
1260 1221 1427 1270 praebet,
1447 1222 1501 1260 ita
1520 1224 1563 1260 ut

205 1282 309 1333 quod
350 1282 502 1321 codices
542 1282 730 1332 afferunt,
770 1283 986 1333 genuinum
1026 1295 1109 1321 esse
1138 1283 1234 1320 mihi
1268 1296 1345 1322 non
1373 1284 1561 1322 videatur.

203 1345 532 1384 Reitzensteinius
569 1345 766 1394 proponit:
798 1344 929 1394 ‘deus,
968 1357 1017 1383 ex
1055 1358 1131 1395 quo
1170 1348 1208 1384 et
1242 1346 1385 1395 gradus
1422 1347 1489 1384 isti
1525 1351 1563 1385 et

203 1408 350 1446 formae
379 1411 417 1445 et
445 1407 594 1457 species
623 1408 664 1445 in
692 1408 850 1445 nomina
877 1408 996 1457 patris
1025 1411 1064 1446 et
1089 1408 1164 1446 filii
1189 1413 1227 1446 et
1254 1409 1413 1459 spiritus
1437 1409 1561 1448 sancti

204 1470 461 1519 deputantur'.
500 1469 555 1507 of.
569 1469 617 1507 ad
637 1470 710 1507 hoc
731 1469 1022 1518 Adv.Hermog.
1037 1482 1069 1507 c.
1085 1470 1264 1507 XXXVI
1287 1471 1365 1517 (Kr
1381 1470 1559 1518 165J22):

204 1531 304 1581 ‘quis
339 1531 444 1570 enim
476 1530 546 1568 tibi
581 1530 759 1569 concedit
793 1532 938 1569 motum
972 1532 1014 1569 in
1047 1532 1259 1571 secundam
1291 1535 1438 1583 partem
1472 1532 1562 1571 sub-

203 1596 365 1632 stantiae
396 1594 581 1643 deputare
601 1624 608 1631 .
629 1624 637 1631 .
658 1595 679 1630 .’
717 1594 843 1631 Versu
874 1596 893 1631 1
917 1596 1021 1632 certe
1045 1595 1236 1644 ‘spiritum
1261 1597 1450 1633 sanctum’
1473 1608 1561 1633 cum

201 1655 267 1693 FR
289 1654 538 1693 scribendum
568 1655 626 1692 est
654 1654 926 1692 concinnitatis
955 1667 1087 1705 causa,
1122 1657 1213 1706 quia
1241 1656 1447 1707 respondet
1478 1668 1562 1695 ver-

203 1718 278 1766 bis,
308 1729 407 1767 quae
435 1716 549 1755 modo
579 1717 690 1754 attuli
720 1717 779 1754 ‘in
808 1718 965 1755 nomina
1093 1719 1249 1767 spiritus
1284 1720 1407 1757 sancti
1441 1719 1561 1768 depu-

203 1780 355 1818 tantur'.
395 1779 623 1829 Scripserim
653 1779 790 1829 igitur:
822 1779 913 1817 ‘tres
943 1778 1127 1817 dirimens
1137 1781 1183 1829 (P)
1214 1782 1313 1827 <et>
1342 1782 1488 1830 patrem
1522 1784 1561 1817 et
1589 1820 1591 1822 ,

201 1833 331 1882 filium
359 1845 398 1882 et
419 1843 599 1893 spiritum
621 1845 810 1891 sanctum,
839 1845 917 1881 tres
941 1846 1072 1881 autem
1095 1855 1173 1881 non
1197 1845 1307 1893 statu,
1336 1843 1404 1882 sed
1427 1843 1561 1894 gradu,

203 1918 277 1944 nec
306 1906 536 1953 substantia,
571 1905 639 1942 sed
666 1905 805 1953 forma,
834 1916 907 1942 nec
935 1907 1138 1954 potestate,
1167 1905 1236 1943 sed
1264 1908 1409 1955 specie,
1444 1907 1560 1944 unius

202 1969 328 2007 autem
359 1967 596 2006 substantiae
625 1970 663 2005 et
697 1967 813 2005 unius
848 1969 970 2005 status
1005 1968 1043 2005 et
1075 1967 1191 2005 unius
1224 1968 1438 2017 potestatis,
1468 1968 1559 2017 quia

201 2041 306 2067 unus
335 2029 448 2077 deus,
483 2040 534 2065 ex
568 2040 644 2077 quo
673 2030 712 2065 et
738 2029 880 2077 gradus
914 2030 979 2065 isti
1013 2031 1051 2066 et
1083 2030 1228 2066 formae
1263 2031 1301 2066 et
1333 2031 1483 2078 species
1518 2031 1560 2066 in

202 2092 359 2130 nomina
387 2092 508 2142 patris
537 2092 576 2129 et
603 2090 676 2129 filii
705 2092 744 2130 et
771 2091 930 2141 spiritus
959 2093 1082 2130 sancti
1110 2092 1366 2142 deputantur’.

310 2154 386 2193 Sed
404 2158 646 2191 revertamur
666 2153 714 2191 ad
734 2155 849 2202 caput
863 2154 946 2191 VII.
976 2153 1320 2202 Antecedentibus,
1341 2166 1440 2202 quae
1460 2156 1561 2192 trac-

201 2215 378 2265 tavimus,
394 2214 633 2254 confirmatis
645 2215 771 2265 pergit
783 2218 916 2253 auctor
926 2215 1050 2265 ‘quale
1066 2218 1134 2264 est,
1147 2218 1190 2253 ut
1202 2214 1299 2252 nihil
1310 2215 1361 2252 sit
1371 2216 1478 2265 ipse',
1492 2216 1560 2265 qui

202 2279 331 2316 omnia-
353 2277 485 2327 solida,
507 2277 631 2328 plena,
656 2277 868 2327 corporalia
890 2277 1086 2316 reddidit?
1110 2278 1221 2315 ‘nihil
1242 2308 1249 2315 .
1270 2308 1277 2315 .
1299 2308 1306 2315 .
1327 2280 1454 2327 potest
1471 2278 1559 2317 fieri

200 2351 270 2388 per
297 2339 346 2388 id,
376 2339 480 2388 quod
508 2350 675 2376 vacuum
704 2342 743 2376 et
769 2339 884 2376 inane
908 2339 989 2376 est’.
1025 2339 1132 2376 filius
1156 2339 1219 2377 dei
1243 2351 1366 2377 vacua
1388 2351 1451 2377 res
1475 2351 1561 2378 esse

315 2434 335 2475 ¹)
351 2435 459 2467 Velim
474 2434 630 2467 conferas
646 2434 690 2467 ad
705 2436 859 2467 nostrum
874 2435 986 2466 locum
1000 2435 1139 2476 Apolog.
1151 2445 1179 2469 e.
1192 2436 1265 2468 XXI
1274 2436 1407 2477 (Oehl.I
1424 2437 1496 2475 199,
1514 2434 1559 2471 75:

200 2486 260 2518 ‘Ita
283 2488 315 2517 et
339 2486 380 2517 de
405 2486 524 2526 spiritu
547 2485 685 2527 spiritus
710 2487 743 2516 et
766 2485 807 2517 de
831 2485 894 2517 deo
919 2485 1002 2517 deus
1024 2486 1162 2517 modulo
1186 2487 1355 2519 alternum
1371 2497 1560 2524 numerum,

200 2537 306 2578 gradu
329 2547 400 2569 non
423 2539 514 2570 statu
537 2537 638 2571 fecit’.
