1779 2958
179 172 229 210 10
619 175 782 218 Ludwig
804 177 1100 219 Roeenmeyer,

176 279 260 327 her)
288 278 483 318 bedeutet.
511 278 723 318 Tertullian
743 278 810 317 hat
827 278 907 317 also
932 279 1002 317 mit
1025 277 1094 317 der
1111 278 1193 316 ihm
1213 278 1544 329 eigentfimlichen

177 341 323 391 Ellipse
342 342 616 391 geschrieben:
643 353 733 379 cum
747 342 871 391 magis
886 342 1076 380 rationem
1096 342 1290 391 competat
1308 342 1396 390 (scil.
1412 341 1543 380 dicere

176 403 217 440 in
246 403 458 452 primordio
486 403 631 452 fuisse).
659 403 741 441 Der
768 402 1024 453 Interpolator
1051 403 1197 452 begriff
1224 402 1293 440 das
1323 403 1431 441 nicht
1459 403 1542 441 und

176 465 332 514 glaubte
371 466 504 504 helsen
542 478 592 504 zu
631 469 802 504 miissen.
855 465 1003 505 Hieran
1045 465 1213 504 schliesst
1245 465 1329 504 sich
1367 465 1430 503 die
1467 465 1543 504 Be-

175 526 395 576 grundung‚
433 527 495 565 die
528 527 569 564 in
600 526 670 564 der
698 519 1000 577 Uberlieferung
1026 526 1369 576 folgendermassen
1398 527 1541 565 lautet:

178 589 285 638 ‘quia
313 601 392 627 non
421 588 649 628 sermonalis
678 601 700 627 a
728 589 931 639 principio,
967 589 1035 628 sed
1066 588 1265 628 rationalis
1294 588 1389 628 deus
1422 589 1540 628 etiam

175 655 265 689 ante
302 651 563 700 principium'.
612 652 739 689 Schon
776 651 839 689 die
876 651 1120 701 sprachliche
1147 651 1324 701 Fassung
1363 651 1431 689 des
1467 651 1542 690 Gre-

176 712 350 751 dankens
378 713 429 751 ist
456 713 595 751 hochst
623 712 808 763 auffallig,
838 712 887 751 da
910 713 981 750 wir
1007 713 1074 751 fiir
1101 713 1179 751 sed
1205 713 1273 751 das
1297 712 1540 751 adversative

176 787 266 812 cum
295 777 485 812 erwarten
513 775 686 813 miissten.
734 775 830 813 Sinn
860 774 953 813 aber
980 775 1124 812 konnte
1153 775 1224 813 der
1252 774 1435 813 Gedanke
1465 785 1542 812 nur

177 836 312 885 haben,
348 848 464 874 wenn
493 835 561 874 das
590 836 703 874 Wort
730 836 967 886 principium
995 836 1107 874 beide
1136 835 1239 875 Male
1268 835 1443 874 dasselbe
1473 836 1538 875 be-

177 898 342 937 deutete.
373 899 464 936 Nun
491 898 595 936 kann
617 898 710 936 aber
733 911 755 936 a
779 898 1015 948 principio
1039 898 1124 937 hier
1145 911 1221 936 nur
1243 898 1438 937 bedeuten
1452 898 1543 937 ‘von

174 961 332 1010 Anfang
365 961 428 998 an'
463 960 498 998 d.
520 961 556 998 h.
586 960 674 998 ‘von
705 960 898 1011 Ewigkeit
925 961 1019 1009 her',
1053 960 1240 999 wahrend
1268 961 1405 999 etiam
1434 965 1540 999 ante

175 1023 460 1073 principium
496 1035 573 1060 nur
608 1023 750 1061 heissen
784 1023 946 1061 konnte:
982 1023 1102 1061 ‘auch
1137 1036 1207 1061 vor
1235 1023 1324 1062 dem
1352 1023 1539 1073 Anfang',

174 1085 344 1123 namlich
380 1085 468 1123 dem
503 1085 574 1122 mit
607 1085 678 1122 der
707 1085 1030 1134 Weltschopfung
1063 1085 1337 1123 einsetzenden
1371 1085 1539 1134 Anfang.

175 1146 231 1184 Zu
270 1146 340 1185 der
375 1146 629 1185 stilistischen
658 1146 978 1185 Bedenklichkeit
1014 1147 1161 1185 kommt
1194 1147 1273 1185 also
1309 1147 1396 1185 eine
1431 1146 1540 1185 sach-

173 1208 276 1246 liche
306 1208 632 1257 Unmoglichkeit.
662 1208 771 1257 quia
797 1207 1002 1246 verbindet
1028 1208 1126 1246 Tert.
1156 1209 1196 1245 in
1227 1207 1296 1246 der
1322 1208 1441 1257 Regel
1471 1208 1542 1245 mit

174 1269 263 1307 dem
287 1269 542 1318 Konjunktiv.
576 1269 643 1307 Ich
671 1270 799 1307 meine
823 1269 952 1318 daher,
983 1269 1057 1307 dass
1087 1269 1167 1307 sed
1195 1270 1250 1317 (in
1278 1269 1354 1307 den
1372 1268 1539 1307 Hdschr.

174 1333 234 1369 set
252 1331 520 1381 geschrieben)
541 1332 628 1369 eine
652 1331 862 1381 Korruptel
881 1343 952 1369 aus
972 1332 1034 1369 sit
1056 1332 1105 1369 ist
1118 1331 1201 1369 und
1221 1331 1387 1370 streiche
1403 1331 1544 1370 etiam>

173 1397 278 1431 ante
301 1393 596 1442 principium.
618 1393 733 1430 Danu
746 1393 872 1442 ergibt
884 1393 968 1431 sich
982 1392 1051 1431 der
1062 1393 1410 1443 zurBeg-riindung
1421 1393 1540 1442 vollig

174 1454 456 1493 ausreichende
470 1453 670 1492 Godanke:
688 1454 790 1492 ‘weil
805 1453 875 1492 der
888 1455 958 1492 mit
974 1454 1042 1492 der
1052 1455 1150 1492 ratio
1164 1456 1437 1504 ausgestattete
1450 1454 1541 1493 Gott

172 1517 283 1555 nicht
302 1529 377 1554 von
397 1516 602 1565 Uranfang
626 1528 675 1554 an
696 1517 759 1554 ein
783 1517 851 1553 mit
870 1516 959 1554 dem
981 1528 1107 1554 sermo
1128 1518 1414 1565 ausgerfisteter
1432 1517 1535 1554 ist’.»

282 1578 417 1616 Priore
446 1578 541 1627 loco,
571 1589 648 1627 quo
678 1577 726 1616 ad
750 1577 941 1627 evangelii
967 1577 1085 1616 verba
1113 1578 1154 1616 ἑν
1178 1578 1275 1628 ἀρχῇ
1300 1578 1346 1625 ἦν
1371 1578 1393 1616 ὁ
1417 1578 1536 1624 λόγος

172 1638 232 1677 καὶ
257 1639 279 1676 ὁ
310 1639 429 1684 λόγος
453 1640 500 1686 ἦν
523 1640 622 1687 πρὸς
642 1640 711 1678 τὸν
735 1640 828 1678 θεόν
852 1639 989 1677 alludit
1011 1641 1156 1689 auctor,
1185 1652 1264 1678 non
1287 1640 1452 1678 multum
1476 1641 1536 1678 in-

171 1703 300 1749 terest,
329 1705 463 1739 utrum
487 1701 541 1738 ‘in
563 1700 787 1750 primordio’
808 1701 1004 1750 significet
1026 1701 1261 1751 principium
1284 1702 1458 1739 omnium
1477 1713 1538 1739 re-

171 1774 260 1800 rum
283 1775 333 1800 an
352 1763 588 1812 principium
608 1762 755 1800 mundi.
780 1762 1057 1811 Kroymannus
1078 1763 1230 1812 erravit,
1250 1775 1340 1801 nam
1359 1763 1458 1801 bene
1477 1764 1538 1801 in-

172 1824 369 1874 tellegitur
385 1825 599 1863 sententia:
621 1826 718 1863 ratio
734 1837 756 1863 a
770 1825 982 1874 primordio
998 1825 1171 1863 omnium
1187 1820 1319 1864 rerum
1335 1827 1419 1864 erat
1432 1825 1536 1875 apud

172 1885 299 1924 deum.
340 1886 440 1924 Cum
462 1886 564 1924 hanc
587 1886 726 1925 Graeci
746 1887 868 1931 λόγον
887 1887 1099 1936 nominent,
1124 1899 1201 1937 qua
1224 1898 1319 1926 voce
1340 1887 1469 1925 Latini
1498 1888 1538 1925 et

171 1960 390 1988 sermonem
420 1948 622 1999 appellant,
652 1949 810 1999 saepius
835 1949 972 1987 dicunt
994 1948 1120 1987 Latini
1145 1960 1363 1988 sermonem
1390 1950 1432 1988 in
1460 1949 1536 2000 pri-

171 2010 320 2048 mordio
355 2012 421 2060 (im
449 2011 666 2062 Uranfanq)
695 2010 797 2060 apud
832 2011 948 2049 deum
978 2011 1109 2060 fuisse,
1145 2024 1236 2049 cum
1263 2012 1361 2050 ratio
1389 2013 1431 2049 in
1459 2012 1537 2061 pri-

171 2073 320 2110 mordio
340 2072 443 2123 apud
464 2072 581 2111 deum
600 2073 739 2119 fuerit3
764 2074 959 2122 antiquior
977 2073 1098 2123 igitur
1116 2075 1198 2112 erat
1217 2085 1416 2121 sermone3
1442 2085 1537 2122 qua-

170 2147 257 2172 rum
292 2135 574 2173 sententiarum
609 2135 779 2184 priorem
814 2137 960 2184 auctor,
994 2135 1086 2184 quia
1113 2147 1183 2185 per
1215 2147 1257 2174 se
1286 2135 1537 2185 intellegitur,

170 2208 249 2234 non
289 2197 465 2235 elocutus
486 2200 571 2235 est.
609 2196 886 2245 ‘antiquiorem
922 2196 1074 2235 haberi’
1114 2197 1222 2235 nullo
1258 2196 1373 2235 modo
1411 2197 1536 2235 omitti

170 2259 305 2307 potest,
333 2258 373 2295 id
404 2258 509 2307 quod
532 2258 714 2295 firmatur
736 2259 947 2295 sententia:
978 2257 1087 2307 ‘quia
1115 2258 1200 2308 ipse
1224 2270 1379 2308 quoque
1408 2270 1535 2297 sermo

169 2319 319 2358 ratione
339 2320 556 2358 consistens
575 2319 744 2370 priorem
765 2330 850 2358 eam
868 2323 914 2358 ut
932 2319 1189 2358 substantiam
1208 2331 1318 2358 suam
1337 2320 1536 2359 ostendat’.

280 2382 395 2420 Nunc
428 2385 627 2420 vertamur
659 2382 707 2420 ad
741 2383 988 2431 sententiam,
1023 2393 1123 2431 quae
1157 2382 1357 2420 codicibus
1390 2383 1444 2420 ita
1477 2384 1538 2421 est

169 2442 328 2481 tradita:
360 2443 472 2493 ‘quia
490 2456 569 2482 non
589 2443 818 2482 sermonalis
842 2456 864 2481 a
887 2443 1090 2493 principio,
1118 2442 1186 2482 sed
1208 2444 1407 2482 rationalis
1437 2444 1534 2483 deus

170 2506 287 2543 etiam
314 2509 403 2544 ante
431 2506 699 2555 principium’.
